3784 5784
225 500 422 557 ΙΣΟΚΡΑΤΗΣ
880 506 943 569 509
1394 501 1596 561 ΙΣΟΚΡΑἸῊΣ

226 611 397 618 ———
452 612 906 619 ——.—--—-———
1266 612 1506 619 -——-.-—-—--.-

332 714 478 777 ποιεῖσθαι
495 713 546 795 τὴν
567 712 738 793 ἀπαλλαγήν
757 710 847 773 [socr.
864 708 993 774 XV87.
1006 708 1058 773 30.
1074 712 1123 774 41.
1149 710 1241 774 Blass
1251 712 1306 775 52.
1326 711 1491 796 Ἀκροαταί
1507 713 1595 777 αὐτοῦ

332 814 463 895 ἐγένοντο
486 817 527 883 είς
550 815 652 877 ἑκατόν
686 813 743 877 Vct.
763 812 795 875 X
809 834 852 876 σι’.
870 810 934 875 837
946 835 971 876 c.
996 812 1128 876 Πλοῦτον
1152 813 1221 877 ὅσον
1243 815 1339 883 οὐδεὶς
1359 822 1417 877 τῶν
1434 818 1492 879 άπὸ
1515 820 1594 901 φιλο-

332 918 434 1000 σοφίας
457 918 723 1003 χρηματισαμένων
747 917 1008 999 περιποιησάμενος
1032 966 1060 979 ..
1079 966 1086 979 .
1106 968 1112 980 .
1140 916 1267 1002 Dionys.
1293 918 1386 981 Isocr.
1402 917 1552 1004 1ρ.537,
1568 921 1594 983 1.

333 1021 471 1096 Quorum
502 1023 533 1085 in
563 1020 788 1105 discipulorum
823 1040 952 1083 numero
982 1027 1050 1083 tum
1078 1023 1173 1085 etium
1201 1022 1386 1086 Timotheus
1414 1023 1547 1087 Cononis
1575 1026 1594 1087 f.

331 1132 407 1202 eret,
432 1124 469 1187 de
492 1145 552 1207 quo
579 1124 599 1186 l.
624 1123 741 1206 optime
764 1123 895 1185 meritus
919 1130 966 1185 ost
987 1120 1170 1207 [Demo-stla]
1189 1124 1277 1187 Erot.
1291 1123 1341 1187 46.
1365 1126 1405 1209 cf.
1426 1124 1515 1187 Isocr.
1530 1125 1564 1188 X
1571 1125 1601 1189 l'

340 1227 397 1291 107
408 1250 451 1311 sq.
468 1227 561 1290 Blass
571 1227 626 1291 52.
640 1226 697 1290 Σὺν
710 1224 850 1309 Τιμοθέῳ
867 1226 915 1288 καὶ
932 1226 1041 1293 πολλοῖς
1053 1228 1152 1294 πόλεις
1167 1226 1292 1309 ἐπῆλθε,
1309 1229 1450 1296 συντιθεὶς
1465 1230 1516 1297 τὰς
1528 1232 1598 1314 πρὸς

331 1330 510 1413 Ἀθηναίους
539 1331 595 1393 ὑπὸ
623 1330 771 1410 Ἰἰμοίλέου
799 1329 989 1413 πεμπομένας
1021 1330 1185 1408 ἐπιστολάς,
1213 1330 1283 1393 ὅθεν
1311 1332 1482 1415 ἐδωρήσατο
1516 1335 1596 1419 αὐτῷ

333 1439 470 1497 τάλαντον
494 1441 552 1497 τῶν
575 1436 634 1497 οἱπδ
650 1434 753 1517 Σάμου
777 1434 1006 1516 περιγενομένων
1029 1458 1059 1497 α.
1071 1431 1147 1507 335,
1177 1433 1237 1497 Vn.
1255 1436 1288 1499 X
1303 1457 1347 1499 or.
1364 1434 1429 1498 837
1440 1459 1466 1500 c.
1491 1437 1596 1500 Pleto-

332 1539 408 1601 κίονι.
428 1538 467 1602 II
480 1536 540 1602 ,178
555 1537 710 1602 Sudhaus.
737 1538 828 1601 Blae-s
841 1536 895 1599 53.
920 1538 1065 1602 Isocratis
1082 1537 1246 1608 Πλαταϊκός
1260 1539 1333 1623 (14)
1349 1563 1372 1603 c.
1387 1564 1416 1603 α.
1428 1538 1496 1603 373
1518 1563 1598 1606 coru·

334 1641 451 1724 positus
463 1650 509 1705 est
523 1641 613 1703 Blass
624 1639 699 1705 265.
718 1640 834 1703 Eodem
839 1640 912 1721 fere
927 1651 1059 1724 tempora
1073 1650 1136 1704 tres
1152 1642 1308 1706 orationes
1323 1644 1361 1706 ad
1379 1642 1535 1707 Nicoclem
1551 1646 1596 1725 (2.

335 1748 363 1808 3.
377 1746 411 1825 9)
431 1744 622 1829 pertinentes
644 1745 778 1829 scriptae
802 1742 894 1805 Bluss
909 1741 985 1805 270.
999 1740 1074 1805 275.
1087 1742 1164 1806 284.
1189 1743 1369 1809 Orationem
1393 1748 1459 1830 περὶ
1481 1748 1598 1831 εἰρήνης

332 1847 384 1929 (8)
400 1848 498 1911 edidit
512 1870 536 1911 c.
551 1871 580 1909 u.
592 1846 668 1927 355,
694 1846 787 1909 Bluss
801 1843 875 1908 300.
897 1844 1141 1929 Ἀρεοπαγιτικόν
1156 1847 1207 1929 (l)
1223 1851 1399 1932 composuit
1422 1874 1451 1913 α.
1464 1848 1529 1913 355
1554 1852 1599 1913 cel

335 1948 411 2019 354,
438 1950 530 2013 Blass
544 1948 619 2013 305.
643 1948 755 2011 Eidem
776 1950 842 2027 fere
862 1926 1198 2035 τετιτροιά”Ἀρχίδαμος
1219 1952 1270 2033 (6)
1292 1952 1442 2017 trulaitur·
1463 1978 1482 2015 a
1507 1953 1599 2017 Blass

335 2052 411 2133 289,
439 2076 508 2115 cuns
537 2054 593 2115 Ba
617 2052 688 2114 Ka't
712 2053 861 2115 Analecta
884 2052 976 2115 Isou.
1000 2050 1023 2115 6
1047 2052 1128 2114 λαυρ
1155 2056 1325 2118 nationem
1351 2059 1417 2119 iant
1445 2081 1468 2121 c.
1487 2081 1516 2121 a.
1533 2056 1600 2121 306

335 2158 533 2237 compositam
556 2177 616 2219 esse
637 2156 808 2218 contendat.
832 2156 897 2220 Iani
923 2162 1016 2220 antea
1038 2156 1197 2221 nonnullis
1219 2157 1353 2242 liturgiis
1376 2162 1466 2225 factis
1482 2163 1598 2225 κάλλιον

337 2262 377 2321 ὧν
402 2261 427 2321 οί
452 2259 535 2339 νόμοι
550 2260 769 2341 προστάττουσι,
794 2260 841 2323 his
856 2259 1049 2344 temporibus
1064 2260 1137 2321 inda
1150 2258 1190 2321 al>
1205 2284 1234 2322 a.
1247 2258 1312 2323 357
1325 2284 1422 2346 usque
1435 2264 1479 2326 ad
1491 2288 1520 2328 a.
1532 2264 1601 2327 353

336 2364 359 2427 Ι.
380 2372 441 2427 tres
457 2364 613 2448 praestitit
628 2363 824 2427 trierarchias
837 2362 928 2426 Ισοω·Ι
944 2362 1014 2426 XV
1024 2363 1085 2426 145
1101 2371 1196 2447 utque
1215 2386 1310 2429 unam
1327 2367 1451 2449 quidem
1465 2379 1598 2433 coaetus.

337 2465 421 2529 Ναοι
443 2468 495 2530 δύο
519 2466 548 2528 ἐν
572 2467 676 2529 ἅπαντι
699 2472 741 2550 τῷ
767 2467 821 2551 Ιίίῳ
844 2467 1023 2551 συνέστησαν
1045 2466 1127 2551 αὐτῷ
1154 2470 1278 2548 ἀγῶνες·
1307 2471 1446 2554 πρότερος
1468 2472 1531 2553 μέν,
1559 2474 1599 2541 είς

336 2572 476 2633 ἀντίδοσιν
504 2569 760 2653 προκαλεσαμένου
788 2570 874 2633 αὐτόν
899 2568 1101 2653 Μεγακλείδου
1123 2593 1151 2633 α.
1170 2568 1237 2633 356
1265 2572 1320 2656 (cf.
1343 2571 1471 2658 Suappe
1489 2574 1545 2637 On
1566 2575 1601 2638 II

336 2674 411 2741 248.
436 2673 528 2736 Bluss
545 2671 596 2752 73,
609 2672 657 2757 d),
682 2677 753 2758 πρός
777 2673 808 2736 δν
832 2674 884 2737 οὐκ
907 2674 1059 2756 ἀπήντησε
1081 2674 1128 2737 διά
1152 2674 1248 2750 νόσον,
1271 2678 1318 2738 τὸν
1342 2678 1374 2738 δὲ
1398 2679 1460 2740 υίδν
1483 2678 1601 2762 πέμψας

335 2776 474 2861 Ἀφαρέα
508 2777 637 2860 ἐνίκησε·
673 2778 806 2861 δεύτερος
840 2777 886 2855 δέ,
923 2780 1096 2861 Λυσιμάχου
1122 2776 1210 2840 αὐτὸν
1244 2780 1501 2861 προκαλεσαμένου
1534 2782 1600 2865 περὶ

337 2880 524 2965 τριηραρχίας
546 2882 587 2949 είς
612 2881 767 2944 ἀντίδοσιν·
792 2882 931 2963 ἡττηθεὶς
954 2882 986 2943 δὲ
1008 2882 1061 2963 τὴν
1084 2883 1272 2965 τριηραρχίαν
1296 2881 1407 2966 ὑπέστη
1430 2882 1489 2946 Va.
1508 2881 1541 2945 X
1555 2906 1599 2946 or.

337 2982 437 3047 839υ.
462 2985 571 3049 Paullo
595 2994 664 3071 post
686 2984 737 3068 ἔτη
761 2988 887 3067 γεγονὼς
911 2984 963 3046 δύο
983 2986 1031 3048 καί
1048 2984 1225 3068 opos-tam
1243 2984 1333 3048 [soen.
1351 2985 1386 3049 X
1395 2984 1458 3067 V9,
1482 3011 1511 3050 a.
1524 2988 1602 3065 353,

339 3088 431 3150 Blass
446 3088 512 3150 308
534 3112 571 3153 ex
600 3112 693 3153 causa
725 3090 763 3153 de
791 3090 1023 3173 permutatione
1052 3110 1140 3170 aegro
1170 3090 1271 3153 serens
1298 3112 1356 3154 suo
1382 3091 1415 3154 iu
1443 3091 1602 3154 civitatem

338 3192 450 3255 merito
472 3214 532 3257 non
556 3194 632 3257 satis
656 3194 790 3277 probari,
815 3194 990 3256 orationem
1013 3192 1138 3275 scripsit
1160 3196 1226 3275 περὶ
1249 3193 1517 3276 ἀντιδόσεωςί15),
1540 3215 1603 3277 qua

339 3297 492 3360 refutatur
518 3298 623 3362 fictum
650 3299 689 3359 eb
719 3297 785 3382 ipso
814 3298 845 3360 in
872 3320 905 3359 se
932 3299 1062 3380 γραφήν,
1092 3300 1132 3364 ὡς
1160 3297 1323 3380 διαφθείρει
1350 3297 1417 3365 τοὺς
1444 3297 1603 3380 νεωτέρους

339 3398 430 3479 λέγειν
455 3402 599 3464 διδάσκων
622 3402 669 3463 καί
694 3400 772 3483 παρὰ
795 3402 827 3463 τό
851 3400 960 3464 δίκαιον
983 3401 1013 3462 ἐν
1037 3405 1097 3469 τοῖς
1119 3403 1212 3482 άηῶσι
1228 3404 1409 3463 πλεονεκτεῖν
1428 3400 1519 3463 Ιττυιϊ.
1538 3398 1607 3462 Xl'

338 3500 391 3566 30.
425 3502 611 3581 Βίασε309,
631 3504 657 3567 1.
691 3504 764 3567 Eius
791 3504 942 3571 Φίλιππος
968 3505 1020 3586 (5)
1052 3527 1084 3568 a.
1099 3502 1167 3568 346
1198 3504 1403 3585 assignandus
1430 3512 1477 3567 est
1510 3502 1604 3568 Blass

338 3606 419 3688 314,
453 3607 519 3670 eius
548 3606 772 3690 Παναθηναϊκός
800 3606 885 3691 (12),
914 3628 1007 3691 quem
1035 3608 1168 3672 coniecit
1193 3608 1320 3689 γεγονὼς
1346 3605 1397 3692 ἔτη
1424 3606 1488 3690 τρία
1516 3606 1603 3689 μόνον

340 3710 534 3772 ἀπολείποντα
550 3715 607 3773 τῶν
624 3710 737 3789 ἑκατόν,
758 3734 787 3771 a.
800 3706 868 3773 339
883 3710 1105 3775 adscribendus
1123 3710 1213 3773 [socr.
1232 3709 1308 3773 XII
1317 3708 1393 3773 270.
1418 3708 1602 3772 81593320.

336 3810 487 3882 Ἐίελθεῖν
523 3814 555 3875 δὲ
588 3816 638 3876 τοῦ
669 3814 733 3897 βίου
761 3814 787 3875 οἱ
818 3814 870 3895 μὲν
898 3814 1030 3877 ἐναταῖόν
1058 3836 1130 3898 φασι
1157 3814 1243 3878 σίτων
1271 3814 1488 3899 ἀποσχόμενον,
1516 3814 1543 3875 οί
1571 3814 1604 3875 δὲ

340 3921 515 3999 τεταρταῖον,
539 3916 600 3997 ἅμα
616 3921 677 3984 ταῖς
693 3921 797 3999 ταφαῖς
813 3922 871 3980 τῶν
888 3917 918 3979 ἐν
936 3915 1104 4001 Χαιρωνείᾳ
1120 3916 1269 3981 πεσόντων
1285 3941 1314 3983 a.
1328 3915 1404 3995 338,
1434 3916 1494 3980 Vit.
1511 3915 1544 3979 X
1558 3937 1604 3977 or.

339 4018 441 4081 8385.
467 4018 560 4082 Blass
579 4016 632 4098 97,
648 4020 679 4082 5.
694 4018 746 4083 98.
772 4016 891 4104 Ἐτάφη
920 4021 954 4083 δὲ
979 4022 1050 4101 μετὰ
1078 4026 1130 4104 τῆς
1153 4021 1318 4101 συηγενείας
1345 4020 1467 4104 πλησίον
1494 4016 1604 4081 Κυνοσ·

338 4126 444 4205 sip-fou<
468 4122 652 4186 Heliodorus
674 4124 709 4184 in
742 4120 798 4186 Va.
817 4120 851 4185 X
865 4146 909 4187 ον.
927 4120 993 4186 838
1005 4122 1031 4187 b.
1053 4124 1094 4206 cf.
1118 4122 1158 4187 B.
1181 4123 1254 4187 Keil
1267 4122 1396 4186 Hanws
1411 4120 1513 4187 XXX
1528 4120 1603 4185 201.

338 4221 488 4310 Ἀφαρεὺς
516 4226 613 4289 εἰκόνα
644 4226 733 4289 αὐτοῦ
762 4230 875 4311 χαλκῆν
903 4228 1032 4312 ἀνέθηκε
1060 4228 1132 4311 πρὸς
1157 4233 1201 4311 τῳ
1221 4225 1408 4311 Ὀλυμπιείῳ
1436 4227 1484 4289 ἐπὶ
1511 4226 1606 4293 κίονος

339 4332 386 4393 καὶ
409 4330 585 4413 ἐπέγραψεν·
613 4324 797 4413 Ἰσοκράτους
817 4323 969 4413 Ἀφαρεὺς
997 4332 1104 4412 πατρὸς
1131 4330 1230 4394 εἰκόνα
1252 4328 1333 4413 τήνδ’
1361 4327 1604 4414 ἀνέθηκεῙΖηνί,

340 4433 426 4500 θεοὺς
459 4457 490 4497 τε
524 4433 619 4517 σέβων
655 4433 703 4495 καί
736 4430 845 4512 ηονέων
880 4433 986 4515 ἀρετήν
1017 4430 1090 4495 Vita
1111 4430 1145 4495 X
1164 4454 1208 4496 ον.
1224 4430 1291 4496 839
1307 4432 1333 4495 ό.
1359 4430 1495 4495 Ρααο.Ἰ
1507 4432 1557 4508 18,
1573 4431 1604 4494 8.

340 4536 443 4600 Etiam
471 4537 652 4601 Timotheus
686 4542 823 4600 statuum
859 4538 887 4625 ei
923 4540 1052 4600 aeneam
1086 4536 1295 4617 dedicaverat,
1329 4535 1492 4600 Leocharis
1528 4557 1606 4620 opus

343 4638 401 4702 Va.
420 4638 451 4701 X
465 4661 509 4702 or.
525 4637 591 4702 838
605 4639 634 4701 d.
650 4636 713 4701 Ἠν
737 4632 765 4700 δ’
783 4638 873 4701 αὐτοῦ
888 4641 936 4702 καὶ
958 4639 1072 4722 γραπτὴ
1095 4639 1183 4701 εἰκὼν
1206 4638 1236 4700 ἐν
1259 4643 1301 4721 τῷ
1326 4638 1462 4723 πομπείῳ
1494 4638 1553 4702 Va.
1572 4637 1606 4701 X

341 4764 385 4805 or.
402 4742 502 4807 839υ.
532 4744 676 4807 Isocratis
704 4743 812 4806 herme
839 4765 908 4807 oum
937 4743 1140 4828 inscriptione
1164 4750 1440 4820 ΕΙΟΟΚΡΑΤΗΟ,
1463 4743 1520 4825 qai
1542 4743 1605 4802 οντ-

340 4848 444 4929 μίααοι
465 4848 572 4909 ducere
594 4846 713 4908 caletur·
735 4870 754 4907 a
777 4856 881 4908 statua
897 4845 1074 4926 Leocharis,
1096 4858 1138 4909 est
1152 4848 1187 4908 in
1205 4845 1290 4908 Villa
1312 4842 1440 4919 auant,
1469 4844 1607 4908 Vescunti

344 4948 479 5034 Iconopr·.
506 4949 562 5015 Gr.
586 4946 653 5012 240
675 4948 736 5013 tal.
753 4948 819 5011 XX
827 4948 917 5041 VIH.
941 4949 1035 5013 Blass
1048 4948 1101 5030 99,
1115 4948 1145 5013 4.
1168 4948 1322 5013 Sumam.-
