3784 5784
704 1419 1079 1496 PRAEFATIO.

296 1732 382 1817 Opus
402 1729 537 1795 sedecim
561 1729 675 1795 abhinc
698 1750 795 1794 annos
817 1729 998 1794 incohatum
1015 1729 1168 1814 variisque
1184 1727 1314 1812 negotiis
1337 1735 1369 1792 ct
1391 1749 1495 1791 rerum
1518 1727 1578 1791 dis-

203 1851 392 1916 criminibus
418 1851 630 1937 interruptum
658 1857 695 1913 ut
721 1848 849 1914 tandem
876 1849 1046 1934 aliquando
1074 1869 1196 1936 possem
1224 1847 1342 1934 publici
1370 1849 1444 1913 iuris
1468 1850 1577 1926 lacere,

205 1994 281 2037 cnm
295 1972 484 2037 liberalitate
501 1970 667 2035 ministerii
682 1969 759 2053 regii
774 1969 931 2033 Borussici
944 1969 1138 2035 institutioni
1155 1968 1297 2055 publicae
1313 1968 1471 2054 praefecti,
1496 1967 1578 2052 quod

206 2100 245 2157 ut
267 2113 322 2177 por
343 2092 500 2174 integrum
521 2097 691 2156 semenstre
714 2088 880 2155 hibernum
904 2111 931 2154 a.
956 2088 1374 2172 Muuccnxxxxvfflslx
1397 2089 1444 2152 his
1467 2088 1579 2154 studiis

207 2212 496 2300 prosopographicis
524 2232 665 2279 vacarem
696 2210 830 2293 benigne
857 2211 1020 2291 concessit,
1054 2216 1120 2274 tum
1155 2209 1370 2273 munificentia
1400 2209 1579 2273 academiae

206 2333 316 2417 'regiae
337 2333 515 2398 litterarum
532 2330 751 2408 Berolinensis‚
775 2351 855 2414 quae
877 2331 1028 2413 impensis
1050 2330 1233 2395 lautissimis
1250 2331 1338 2394 lactis
1353 2335 1389 2394 ut
1404 2328 1482 2393 liber
1498 2329 1581 2414 lypis

207 2452 439 2536 exprimeretur
461 2451 570 2530 effecit,
594 2450 672 2515 mihi
695 2450 840 2534 obtigisse
863 2459 951 2534 grato
975 2451 1079 2515 enimn
1096 2451 1235 2536 profiteri
1250 2471 1407 2516 summum
1424 2449 1579 2535 optatissi-

208 2591 360 2655 mumqne
382 2571 586 2656 praelationis
608 2591 696 2636 meae
719 2579 785 2636 esto
808 2571 955 2636 officium.

297 2691 402 2776 Atque
425 2691 464 2756 de
486 2691 615 2756 consilio
637 2699 670 2756 et
691 2689 796 2756 indole
823 2691 925 2776 operis
947 2691 1025 2756 haec
1046 2699 1120 2756 snut
1143 2693 1381 2777 praemittenda.
1425 2692 1581 2778 Tempora

211 2812 306 2876 huius
328 2811 613 2898 prosopographiao
634 2812 793 2898 portinent
814 2810 888 2876 inde
911 2811 950 2875 ab
966 2812 1166 2877 archontibus
1182 2812 1403 2878 decennalibus
1419 2833 1517 2897 usqua
1541 2811 1579 2876 ad

211 2931 346 3015 Augusti
373 2938 524 3012 aetatem3
558 2939 733 3016 temporum
762 2951 843 3015 quae
867 2939 942 2996 sunt
964 2941 1035 3017 post
1057 2933 1126 2997 Chr.
1150 2941 1260 2998 netum
1283 2933 1363 2998 ratio
1387 2952 1449 2996 non
1472 2930 1580 2995 habita

210 3059 258 3116 est
279 3050 341 3116 nisi
363 3072 434 3116 eum
457 3051 636 3116 vetustioris
658 3051 790 3116 alicuius
812 3052 950 3116 familiae
973 3052 1066 3137 stirps
1086 3051 1124 3116 ad
1141 3073 1177 3116 ea
1192 3071 1316 3137 quoque
1331 3051 1454 3117 saecula
1469 3070 1580 3136 propa·

209 3180 283 3255 gata
310 3172 454 3237 traditur.
508 3170 646 3256 Recepta
671 3179 746 3236 sunt
772 3173 901 3237 nomina
927 3171 1043 3237 civium
1064 3173 1240 3237 Atticorum
1269 3173 1409 3238 omnium
1437 3179 1468 3237 et
1495 3191 1580 3256 pere-

210 3293 372 3376 grinorum
400 3290 563 3357 hominum
591 3313 710 3368 eorum,
733 3292 787 3376 qui
810 3292 937 3357 civitate
959 3293 1067 3357 Attica
1094 3293 1201 3358 donati
1230 3300 1328 3372 erant,
1356 3299 1509 3377 quotquot
1530 3289 1581 3354 vel

210 3413 399 3497 scriptorum
423 3413 574 3477 memoria
596 3412 636 3477 ad
659 3432 714 3477 nos
737 3419 946 3495 pervenerunt
961 3411 1011 3475 vel
1032 3413 1064 3477 in
1081 3413 1182 3479 titulis
1197 3413 1397 3497 cummisque
1420 3419 1451 3476 et
1465 3410 1581 3476 Atticis

209 3539 243 3596 ot
266 3531 304 3595 ad
326 3552 392 3596 rem
415 3533 574 3619 publicam
598 3532 838 3597 Atheniensium
865 3531 1080 3616 spectantibus
1106 3541 1281 3618 supersunt.
1328 3534 1408 3598 Tota
1434 3531 1580 3596 materies

208 3651 330 3734 digesta
352 3659 399 3717 est
421 3653 476 3732 ita,
498 3660 535 3718 ut
555 3655 588 3718 in
611 3653 713 3738 priore
729 3659 818 3738 parte
833 3651 1029 3736 alphabetico
1046 3652 1152 3716 ordine
1168 3663 1290 3719 servato
1307 3653 1447 3718 omnium
1463 3651 1579 3716 civium

209 3771 386 3836 Atticorum
410 3775 538 3838 nomina
560 3775 791 3851 exhiberentur,
818 3772 883 3835 sive
910 3770 1065 3836 demotica
1099 3779 1173 3838 nota
1195 3781 1268 3838 sunt
1294 3774 1360 3838 sive
1387 3775 1578 3857 ignorantur,

208 3893 243 3957 in
255 3893 424 3977 posteriore
440 3902 623 3978 conspectus
639 3894 834 3958 demetarum
851 3913 889 3955 ex
905 3891 1013 3956 ordine
1030 3892 1224 3976 alphabetico
1238 3893 1404 3979 dispositus
1415 3913 1579 3978 compone·

207 4021 296 4079 retur
318 4012 446 4078 adiectis
469 4013 507 4078 ad
530 4013 615 4078 nuda
636 4014 765 4078 nomina
793 4013 941 4095 numeris,
977 4011 1090 4095 quibus
1123 4012 1161 4078 ad
1197 4014 1304 4079 eadem
1338 4014 1436 4100 partis
1470 4013 1580 4097 prioris

208 4133 339 4198 nomina
361 4132 502 4218 pleniora
522 4133 654 4199 lectores
677 4133 897 4216 relegerentur.
948 4133 1054 4215 Atque
1080 4133 1114 4197 in
1141 4135 1242 4218 priore
1270 4142 1358 4219 parte
1386 4134 1424 4198 ad
1451 4133 1580 4198 nomina

208 4255 348 4340 primum
381 4252 602 4319 adscribuntur
633 4253 694 4319 loci
727 4252 889 4318 titulorum
925 4273 1163 4338 nummumque,
1198 4255 1253 4319 ubi
1280 4263 1578 4336 commemorentur3

207 4373 333 4456 deinde,
356 4394 425 4437 cum
451 4395 524 4439 usus
545 4374 643 4456 venit,
666 4373 767 4458 spatio
788 4373 973 4459 interposito
996 4374 1122 4439 additur
1145 4375 1305 4440 adnotatio
1328 4375 1366 4439 de
1388 4374 1523 4439 nominis
1545 4375 1578 4438 in

205 4493 323 4572 titulis,
359 4492 506 4571 nummis,
540 4492 628 4558 libris
660 4493 816 4558 scribendi
849 4494 983 4576 ratione;
1023 4502 1090 4559 tum
1124 4495 1225 4580 spatio
1259 4515 1365 4559 rursus
1401 4495 1578 4560 intermisso

207 4613 349 4678 breviter
371 4633 407 4677 ea
429 4620 622 4692 enarrantur,
646 4635 726 4698 quae
748 4614 798 4677 vel
821 4620 907 4678 certa
927 4622 1002 4678 sunt
1017 4614 1067 4678 vel
1083 4635 1154 4678 curn
1172 4615 1276 4698 aliqua
1296 4615 1517 4700 probabilitate
1540 4614 1579 4678 de

203 4732 345 4816 singulis
367 4733 543 4798 hominibus
559 4735 687 4819 proferri
703 4742 833 4819 possunt
847 4734 1004 4816 indicatis,
1026 4735 1160 4799 simodo
1177 4743 1251 4799 nota
1265 4742 1348 4814 sunt,
1372 4734 1576 4820 temporibus

202 4853 348 4936 denique
370 4851 528 4916 occasione
554 4854 660 4919 oblate
682 4853 834 4918 adicimus
856 4853 1047 4920 familiarum
1070 4861 1247 4932 stemmata,
1274 4855 1306 4918 in
1334 4857 1448 4938 quibus
1473 4855 1578 4939 singu·

198 4976 314 5042 lorum
339 4971 497 5037 hominum
522 4972 619 5059 ἀκμῆς
646 4994 791 5039 numeros
817 4975 1013 5058 adnotamus,
1042 4975 1176 5040 tricenos
1204 4984 1306 5041 ternos
1334 4976 1453 5041 scilicet
1479 4997 1577 5041 annos
