3784 5784
894 437 1110 502 ..pl-

321 629 490 714 unicuique
513 627 648 696 huminis
670 629 768 694 aetati
791 630 974 695 tribuentes.
1020 630 1106 695 Inter
1130 651 1180 694 eos
1204 629 1295 708 viros,
1319 627 1357 694 de
1380 648 1513 714 quorum
1536 629 1689 696 demutieu

320 751 400 815 nihil
424 757 557 831 constat,
581 772 647 815 esse
670 750 726 835 qui
748 773 909 837 nunquam
933 751 1016 814 cives
1039 751 1137 814 Attici
1160 750 1286 828 fuerint,
1310 749 1337 814 si
1360 749 1429 833 quis
1452 749 1542 814 nobis
1564 748 1690 831 obiciat,

321 868 480 935 adversari
503 893 565 937 non
590 872 769 937 audeamus.
814 871 924 936 Errare
946 879 1054 936 tamen
1077 869 1127 934 bic
1150 869 1214 934 illic
1238 869 1406 934 maluimus
1421 889 1515 953 quam
1538 870 1688 952 homines,

320 1010 453 1075 quorum
470 994 554 1077 origo
569 994 677 1058 Attica
692 992 782 1057 nobis
797 990 1025 1077 quodammodo
1042 991 1172 1076 probata
1186 989 1354 1072 videretur,
1371 988 1410 1054 ab
1425 989 1483 1055 huc
1498 990 1689 1056 onomastiou

317 1113 486 1195 segregare.

405 1250 559 1338 Tempora
581 1252 656 1317 inde
678 1251 718 1316 ab
739 1251 831 1315 initio
851 1250 968 1315 saeculi
990 1250 1076 1314 tertii
1096 1269 1195 1334 usque
1210 1248 1250 1313 ad
1266 1248 1399 1332 Augusti
1415 1253 1562 1329 aetatem,
1586 1249 1689 1333 quoad

319 1369 386 1434 eius
408 1371 475 1435 fieri
498 1373 610 1456 potuit,
643 1371 760 1456 duplici
783 1371 902 1435 ratione
928 1370 1135 1455 signavimus:
1170 1377 1201 1434 et
1223 1369 1350 1434 numine
1373 1367 1529 1432 archontis
1556 1374 1587 1432 et
1613 1370 1687 1433 anni

318 1491 548 1557 terminatione.
594 1492 805 1557 Disseruimus
819 1491 918 1556 fusius
933 1490 972 1554 de
993 1490 1103 1555 hurum
1120 1489 1305 1555 archontum
1322 1489 1514 1574 temporibus
1530 1509 1686 1553 commen-

317 1609 469 1674 tationem
493 1613 693 1678 utilissimam
709 1611 856 1676 Guilelmi
872 1610 1027 1692 Fergusou
1051 1609 1133 1692 (The
1154 1610 1312 1674 Athenian
1333 1609 1464 1674 archoas
1483 1611 1517 1674 ul
1535 1610 1588 1674 the
1603 1610 1687 1675 third

320 1729 381 1794 and
406 1732 519 1796 second
543 1733 699 1798 centurius
727 1733 831 1797 before
854 1731 965 1794 Christ.
992 1729 1110 1810 Ithaca,
1137 1729 1213 1794 Now
1229 1729 1315 1795 Yurlr
1341 1727 1439 1812 1899)
1461 1735 1687 1816 pertractantes

318 1849 454 1934 Gb‘tting.
478 1851 607 1935 gelehrt.
631 1852 759 1936 Anaeig.
786 1852 878 1932 1900,
905 1849 1087 1914 433-481.
1144 1849 1285 1915 Calculus
1317 1859 1423 1915 tamen
1457 1856 1577 1916 nostros
1610 1871 1685 1915 nun-

317 1991 491 2055 numquam
519 1972 741 2056 probabiliores
775 1993 840 2036 osse
867 1992 961 2056 quam
989 1971 1123 2034 veriores
1151 1969 1243 2033 buius
1272 1971 1317 2035 rei
1341 1990 1454 2054 gnaros
1482 1990 1544 2034 non
1577 1969 1684 2052 lugiet.

316 2090 418 2154 Huius
442 2092 554 2156 aetatis
578 2093 761 2158 archontum
785 2092 918 2175 tabulas,
942 2111 1021 2174 quas
1043 2089 1203 2174 posuimus
1225 2089 1246 2152 l.
1264 2111 1299 2170 c.,
1323 2089 1355 2154 iu
1378 2090 1440 2153 fine
1464 2091 1561 2176 partis
1584 2099 1685 2176 puste-

316 2211 405 2276 rioris
420 2213 699 2297 prosopographiae
715 2212 898 2297 repetendas
914 2209 1102 2274 curabimus.
1136 2208 1179 2273 De
1196 2209 1494 2275 tetradrachmurum
1508 2211 1684 2278 Atticorum

317 2338 420 2394 aetatu
454 2332 573 2414 egimus
594 2333 772 2397 Zeitschrilt
798 2333 818 2395 f.
842 2331 1030 2394 Numismat.
1059 2329 1134 2393 XXI
1161 2328 1285 2412 (1898),
1317 2329 1475 2410 74-105,
1503 2331 1683 2398 266-216.

316 2449 360 2514 Ut
382 2450 420 2515 de
441 2451 605 2516 titulorum
627 2452 849 2537 sepulcralium
872 2449 1064 2535 temporibus
1086 2449 1200 2514 rectius
1222 2449 1441 2531 indicaremus
1470 2453 1684 2519 benevolentia

315 2569 436 2633 Alfredi
451 2570 639 2652 Brocchum,
663 2573 721 2636 viri
738 2572 831 2636 huius
847 2569 1025 2655 provinciae
1043 2569 1231 2653 peritissimi,
1255 2572 1371 2635 lactum
1395 2579 1451 2636 est.
1497 2559 1682 2659 Ubicunque

315 2690 402 2754 nulla
414 2692 561 2776 temporis
573 2698 647 2757 nota
659 2692 766 2757 addita
777 2692 901 2774 legitur,
913 2689 1075 2753 sciendum
1088 2696 1134 2753 est
1146 2690 1183 2754 de
1194 2699 1297 2756 aetate
1309 2692 1387 2756 nihil
1400 2714 1463 2758 esse
1476 2694 1681 2778 exploratum.

399 2843 476 2908 Litis
503 2847 713 2912 instrumenta
739 2846 822 2911 haud
858 2846 964 2930 paucis
1000 2845 1193 2910 orationibus
1215 2845 1329 2911 Atticis
1362 2847 1481 2912 inserta
1514 2869 1533 2912 a
1566 2848 1683 2914 falsarii

311 2984 408 3027 manu
445 2967 581 3049 prolecta
614 2988 679 3031 usse
713 2976 784 3051 post
817 2966 1029 3049 quaestiones,
1064 2987 1141 3049 quas
1171 2988 1198 3030 e.
1227 2965 1496 3034 MDCCCXXXIX
1527 2968 1682 3036 lohannes

249 3105 257 3124 =
312 3083 466 3150 Gustavus
481 3085 623 3169 Droysen
639 3086 676 3149 de
692 3084 834 3150 lormulis
851 3085 1107 3150 Demosthenicae
1131 3086 1167 3150 du
1184 3105 1297 3152 corona
1320 3087 1468 3152 orationis
1491 3088 1680 3170 instituerat,

311 3203 404 3285 vulgo
427 3204 621 3270 credebatur.
666 3205 767 3269 Hudic
790 3205 841 3268 vix
862 3206 1030 3288 quisquam
1045 3205 1212 3287 dubitabit,
1229 3205 1305 3290 quin
1324 3207 1461 3292 exceptis
1478 3207 1681 3290 documentis,

311 3343 391 3406 quae
407 3332 532 3389 exstant
546 3325 579 3388 in
595 3324 813 3389 Demosthenis
830 3334 907 3412 orat.
923 3324 1032 3392 XVlll
1053 3335 1084 3390 et
1099 3325 1261 3390 Aeschinis
1277 3332 1354 3390 urat.
1371 3327 1396 3407 l,
1421 3328 1679 3414 testimoniisque,

311 3464 391 3528 quae
425 3443 458 3507 in
486 3443 706 3509 Demosthenis
740 3453 817 3510 orat.
845 3443 922 3510 XXI
956 3444 1111 3528 leguntur,
1145 3444 1210 3508 litis
1244 3443 1453 3510 instrumenta
1487 3447 1679 3514 orationibus

310 3563 423 3626 Atticis
447 3564 631 3648 interposita
649 3566 785 3648 genuina
806 3566 883 3645 sint3
908 3566 946 3630 cl.
971 3587 1050 3650 quae
1073 3572 1142 3649 post
1162 3564 1239 3628 alios
1259 3566 1461 3632 commentati
1481 3575 1555 3632 sunt
1570 3567 1679 3650 Engel·

311 3684 415 3748 bertus
437 3684 559 3770 Drcrup
582 3686 686 3750 Ueber
708 3685 759 3750 die
783 3686 832 3752 bei
855 3685 915 3750 den
939 3686 1092 3750 attisuhon
1116 3685 1259 3750 Rednern
1284 3684 1477 3768 eingelegten
1493 3685 1677 3766 Urkundeu,

308 3803 501 3870 Jahrbiicher
528 3807 578 3870 liir
605 3805 701 3884 class,
720 3805 831 3870 Philol.
856 3805 959 3870 XXlV
981 3805 1270 3892 Supplamentband
1300 3805 1416 3888 (1898)
1443 3806 1585 3891 223sqq.
1614 3809 1675 3876 361

309 3931 340 3987 ct
355 3925 393 3987 H.
407 3925 531 3990 llrewer
547 3927 603 3992 llic
620 3926 764 3992 lichtbeit
783 3925 838 3989 der
854 3926 981 3991 Gesetae
997 3926 1029 3990 in
1046 3929 1080 4005 ἐξ
1093 3927 1132 3990 41
1152 3925 1214 3989 und
1234 3927 1293 3990 113
1310 3925 1364 3989 der
1380 3927 1676 3994 Demostlrenisuhen

310 4042 457 4124 illidium,
478 4046 606 4111 Wiener
621 4047 754 4112 Studien
769 4045 859 4110 XXll
875 4047 991 4128 (1900)
1007 4047 1141 4130 ‘Zirbsqq
1172 4045 1276 4108 XXlll
1293 4044 1408 4130 (1901)
1425 4046 1537 4132 26sqq.
1567 4048 1676 4134 ltaque

307 4163 436 4227 numina
459 4166 574 4230 civium
597 4169 774 4233 Atticorum
798 4168 847 4231 his
870 4167 902 4230 in
925 4166 1121 4230 documentis
1145 4164 1246 4244 obvia,
1270 4163 1308 4230 da
1332 4166 1445 4250 quibus
1469 4168 1594 4234 uberius
1614 4168 1675 4232 dis·

306 4283 488 4368 putavimus
510 4285 729 4352 ll'ocbenscbr.
753 4289 773 4351 f.
798 4287 886 4352 class.
912 4285 1021 4350 l'hilul.
1044 4285 1140 4363 1899,
1166 4287 1338 4368 1105sqq,
1368 4287 1407 4350 ab
1431 4286 1487 4352 hoo
1510 4288 1589 4354 libro
1612 4310 1675 4356 non

307 4402 411 4468 aliena
432 4425 499 4469 esse
522 4405 679 4472 duximus.

390 4523 459 4589 Nun
487 4526 564 4590 nihil
592 4547 704 4613 operae
723 4527 881 4613 studiique
908 4527 1131 4592 collocavimus
1152 4530 1186 4594 iu
1206 4527 1387 4594 enarrandis
1409 4529 1483 4596 vitis
1509 4530 1674 4598 hominum

305 4642 596 4725 illustrissimorum,
619 4647 838 4732 Thucydidum
865 4648 945 4727 dico,
971 4647 1225 4732 Aristophanem,
1253 4649 1430 4714 Platouum.
1482 4653 1549 4730 Qua
1574 4653 1606 4718 in
1640 4675 1673 4720 re

304 4763 402 4829 mules
424 4766 533 4849 ingens
556 4775 700 4849 congesta
716 4789 734 4832 a
748 4766 923 4832 sulruliastis
939 4777 971 4832 et
985 4769 1197 4851 grammaticis
1214 4789 1287 4834 vera
1309 4769 1449 4853 falsaque
1472 4771 1673 4838 commiscen-

305 4883 389 4948 tibus
411 4886 631 4970 perlnstrauda
654 4895 721 4951 erat
741 4886 968 4972 hominumque
992 4887 1151 4952 doctorum
1169 4889 1308 4954 omnium
1325 4890 1517 4956 saeculorum
1536 4892 1673 4956 animad-

304 5003 463 5069 versiones
485 5008 722 5071 examinandae.
769 5007 863 5073 Cuius
885 5009 1001 5090 negotii
1023 5009 1159 5072 fructum
1182 5014 1247 5074 non'
1269 5009 1300 5074 in
1324 5029 1360 5076 cu
1375 5011 1511 5095 positum
1526 4981 1673 5097 reperies,
