<?xml version="1.0" encoding="UTF-8"?>
<!DOCTYPE html PUBLIC "-//W3C//DTD XHTML 1.0 Transitional//EN"
    "http://www.w3.org/TR/xhtml1/DTD/xhtml1-transitional.dtd">
<html xmlns="http://www.w3.org/1999/xhtml" xml:lang="en" lang="en">
 <head>
  <title>
</title>
<meta http-equiv="Content-Type" content="text/html;charset=utf-8" />
  <meta name='ocr-system' content='tesseract 3.04.00' />
  <meta name='ocr-capabilities' content='ocr_page ocr_carea ocr_par ocr_line ocrx_word'/>
</head>
<body>
  <div class='ocr_page' id='page_1' title='image "./prosopographiaa00kircgoog_0112.png"; bbox 0 0 3784 5784; ppageno 0'>
   <div class='ocr_carea' id='block_1_1' title="bbox 169 482 1685 5209">
    <p class='ocr_par' dir='ltr' id='par_1_1' title="bbox 169 482 1685 3059">
     <span class='ocr_line' id='line_1_1' title="bbox 169 482 1540 550; baseline -0.001 -9"><span class='ocrx_word' id='word_1_1' title='bbox 169 483 420 543; x_wconf 73' lang='lat' dir='ltr'><strong>Anonnoool’oz</strong></span> <span class='ocrx_word' id='word_1_2' title='bbox 835 486 876 550; x_wconf 82' lang='grc'><strong>99</strong></span> <span class='ocrx_word' id='word_1_3' title='bbox 1292 482 1540 542; x_wconf 74' lang='lat' dir='ltr'><strong>nuoonttooroz</strong></span> 
     </span>
     <span class='ocr_line' id='line_1_2' title="bbox 279 692 1540 779; baseline 0.001 -21"><span class='ocrx_word' id='word_1_4' title='bbox 279 715 358 779; x_wconf 86' lang='lat' dir='ltr'><strong>quae</strong></span> <span class='ocrx_word' id='word_1_5' title='bbox 381 696 472 759; x_wconf 90' lang='lat' dir='ltr'><strong>Pasio</strong></span> <span class='ocrx_word' id='word_1_6' title='bbox 489 695 669 759; x_wconf 87' lang='lat' dir='ltr'>Phormioni</span> <span class='ocrx_word' id='word_1_7' title='bbox 693 694 859 769; x_wconf 76' lang='lat' dir='ltr'>locaverat,</span> <span class='ocrx_word' id='word_1_8' title='bbox 884 692 1038 756; x_wconf 89' lang='lat' dir='ltr'><strong>dividunt.</strong></span> <span class='ocrx_word' id='word_1_9' title='bbox 1062 693 1253 776; x_wconf 82' lang='lat' dir='ltr'><strong>Apollodoro</strong></span> <span class='ocrx_word' id='word_1_10' title='bbox 1276 695 1409 778; x_wconf 80' lang='lat' dir='ltr'><strong>obtingit</strong></span> <span class='ocrx_word' id='word_1_11' title='bbox 1424 697 1540 760; x_wconf 76' lang='grc' dir='ltr'>ἀσπιδο-</span> 
     </span>
     <span class='ocr_line' id='line_1_3' title="bbox 279 795 1541 883; baseline 0.001 -21"><span class='ocrx_word' id='word_1_12' title='bbox 279 805 398 883; x_wconf 69' lang='grc' dir='ltr'>πηγεῖον</span> <span class='ocrx_word' id='word_1_13' title='bbox 422 795 886 862; x_wconf 70' lang='grc' dir='ltr'><em>Βοια.ΧΧΧ1ἼῙ1.37.51.</em></span> <span class='ocrx_word' id='word_1_14' title='bbox 921 797 1031 860; x_wconf 78' lang='lat' dir='ltr'><strong>Paullo</strong></span> <span class='ocrx_word' id='word_1_15' title='bbox 1061 804 1131 881; x_wconf 88' lang='lat' dir='ltr'><strong>post</strong></span> <span class='ocrx_word' id='word_1_16' title='bbox 1164 805 1267 861; x_wconf 85' lang='lat' dir='ltr'><strong>tamen</strong></span> <span class='ocrx_word' id='word_1_17' title='bbox 1297 800 1407 863; x_wconf 77' lang='lat' dir='ltr'><strong>fratres</strong></span> <span class='ocrx_word' id='word_1_18' title='bbox 1439 800 1541 865; x_wconf 90' lang='lat' dir='ltr'><strong>denuo</strong></span> 
     </span>
     <span class='ocr_line' id='line_1_4' title="bbox 282 900 1685 987; baseline -0.001 -22"><span class='ocrx_word' id='word_1_19' title='bbox 282 904 509 987; x_wconf 70' lang='grc' dir='ltr'>ἀσπιδοπηγεῖον</span> <span class='ocrx_word' id='word_1_20' title='bbox 538 911 568 967; x_wconf 88' lang='lat' dir='ltr'><strong>et</strong></span> <span class='ocrx_word' id='word_1_21' title='bbox 596 905 740 986; x_wconf 72' lang='grc' dir='ltr'>τράπεζαν</span> <span class='ocrx_word' id='word_1_22' title='bbox 764 902 833 965; x_wconf 89' lang='lat' dir='ltr'><strong>aliis</strong></span> <span class='ocrx_word' id='word_1_23' title='bbox 856 922 911 985; x_wconf 92' lang='lat' dir='ltr'><strong>per</strong></span> <span class='ocrx_word' id='word_1_24' title='bbox 935 900 1121 964; x_wconf 90' lang='lat' dir='ltr'><strong>decennium</strong></span> <span class='ocrx_word' id='word_1_25' title='bbox 1148 901 1252 965; x_wconf 86' lang='lat' dir='ltr'><strong>locant</strong></span> <span class='ocrx_word' id='word_1_26' title='bbox 1279 902 1369 966; x_wconf 79' lang='lat' dir='ltr'><strong>Dent.</strong></span> <span class='ocrx_word' id='word_1_27' title='bbox 1388 902 1544 967; x_wconf 85' lang='lat' dir='ltr'><em>XXXVI</em></span> <span class='ocrx_word' id='word_1_28' title='bbox 1680 956 1685 964; x_wconf 89' lang='lat'><em>.</em></span> 
     </span>
     <span class='ocr_line' id='line_1_5' title="bbox 284 1006 1542 1091; baseline -0.001 -22"><span class='ocrx_word' id='word_1_29' title='bbox 284 1006 331 1069; x_wconf 89' lang='grc'><em>13.</em></span> <span class='ocrx_word' id='word_1_30' title='bbox 353 1006 405 1070; x_wconf 84' lang='grc'><strong>37.</strong></span> <span class='ocrx_word' id='word_1_31' title='bbox 434 1007 616 1091; x_wconf 76' lang='lat' dir='ltr'><strong>Apollodori</strong></span> <span class='ocrx_word' id='word_1_32' title='bbox 648 1006 829 1071; x_wconf 88' lang='lat' dir='ltr'><strong>trierarchia</strong></span> <span class='ocrx_word' id='word_1_33' title='bbox 855 1006 886 1067; x_wconf 92' lang='lat' dir='ltr'><strong>in</strong></span> <span class='ocrx_word' id='word_1_34' title='bbox 911 1006 1075 1069; x_wconf 79' lang='lat' dir='ltr'><strong>Thraciam</strong></span> <span class='ocrx_word' id='word_1_35' title='bbox 1107 1027 1160 1089; x_wconf 89' lang='lat' dir='ltr'><strong>per</strong></span> <span class='ocrx_word' id='word_1_36' title='bbox 1185 1007 1396 1089; x_wconf 80' lang='lat' dir='ltr'>septendecim</span> <span class='ocrx_word' id='word_1_37' title='bbox 1421 1030 1542 1072; x_wconf 86' lang='lat' dir='ltr'><strong>menses</strong></span> 
     </span>
     <span class='ocr_line' id='line_1_6' title="bbox 282 1108 1543 1195; baseline -0.001 -20"><span class='ocrx_word' id='word_1_38' title='bbox 282 1111 418 1175; x_wconf 87' lang='lat' dir='ltr'><strong>maximo</strong></span> <span class='ocrx_word' id='word_1_39' title='bbox 442 1111 530 1175; x_wconf 89' lang='lat' dir='ltr'><strong>cultu</strong></span> <span class='ocrx_word' id='word_1_40' title='bbox 554 1109 723 1195; x_wconf 89' lang='lat' dir='ltr'><strong>multisque</strong></span> <span class='ocrx_word' id='word_1_41' title='bbox 739 1110 883 1194; x_wconf 87' lang='lat' dir='ltr'><strong>expensis</strong></span> <span class='ocrx_word' id='word_1_42' title='bbox 899 1110 982 1172; x_wconf 86' lang='lat' dir='ltr'><strong>facta</strong></span> <span class='ocrx_word' id='word_1_43' title='bbox 997 1110 1070 1171; x_wconf 84' lang='lat' dir='ltr'><strong>a&#39;nde</strong></span> <span class='ocrx_word' id='word_1_44' title='bbox 1089 1133 1109 1171; x_wconf 88' lang='lat' dir='ltr'><strong>a</strong></span> <span class='ocrx_word' id='word_1_45' title='bbox 1125 1131 1224 1172; x_wconf 85' lang='lat' dir='ltr'><strong>meuse</strong></span> <span class='ocrx_word' id='word_1_46' title='bbox 1237 1108 1409 1195; x_wconf 76' lang='lat' dir='ltr'><strong>Septembri</strong></span> <span class='ocrx_word' id='word_1_47' title='bbox 1427 1134 1455 1173; x_wconf 88' lang='lat' dir='ltr'><strong>a.</strong></span> <span class='ocrx_word' id='word_1_48' title='bbox 1474 1109 1543 1189; x_wconf 84' lang='grc'><strong>362</strong></span> 
     </span>
     <span class='ocr_line' id='line_1_7' title="bbox 280 1211 1544 1298; baseline 0.001 -21"><span class='ocrx_word' id='word_1_49' title='bbox 280 1236 374 1297; x_wconf 80' lang='lat' dir='ltr'><strong>amque</strong></span> <span class='ocrx_word' id='word_1_50' title='bbox 396 1215 439 1276; x_wconf 88' lang='lat' dir='ltr'><strong>ad</strong></span> <span class='ocrx_word' id='word_1_51' title='bbox 459 1236 500 1276; x_wconf 89' lang='lat' dir='ltr'><strong>m.</strong></span> <span class='ocrx_word' id='word_1_52' title='bbox 518 1213 727 1277; x_wconf 79' lang='lat' dir='ltr'><strong>Februarium</strong></span> <span class='ocrx_word' id='word_1_53' title='bbox 749 1236 778 1276; x_wconf 90' lang='lat' dir='ltr'><strong>a.</strong></span> <span class='ocrx_word' id='word_1_54' title='bbox 795 1211 870 1290; x_wconf 84' lang='grc'><em>361),</em></span> <span class='ocrx_word' id='word_1_55' title='bbox 893 1212 1024 1298; x_wconf 84' lang='lat' dir='ltr'><strong>[Dem]</strong></span> <span class='ocrx_word' id='word_1_56' title='bbox 1040 1212 1068 1275; x_wconf 94' lang='lat' dir='ltr'><em>L</em></span> <span class='ocrx_word' id='word_1_57' title='bbox 1085 1211 1199 1275; x_wconf 81' lang='grc'><em>4-16.</em></span> <span class='ocrx_word' id='word_1_58' title='bbox 1223 1214 1289 1277; x_wconf 84' lang='lat' dir='ltr'><strong>Hac</strong></span> <span class='ocrx_word' id='word_1_59' title='bbox 1305 1216 1336 1277; x_wconf 95' lang='lat' dir='ltr'><strong>in</strong></span> <span class='ocrx_word' id='word_1_60' title='bbox 1353 1216 1544 1295; x_wconf 87' lang='lat' dir='ltr'><strong>trierarchia,</strong></span> 
     </span>
     <span class='ocr_line' id='line_1_8' title="bbox 280 1314 1542 1402; baseline 0.002 -23"><span class='ocrx_word' id='word_1_61' title='bbox 280 1328 315 1379; x_wconf 90' lang='lat' dir='ltr'><strong>nt</strong></span> <span class='ocrx_word' id='word_1_62' title='bbox 342 1318 469 1398; x_wconf 72' lang='lat' dir='ltr'><strong>odiam,</strong></span> <span class='ocrx_word' id='word_1_63' title='bbox 498 1318 727 1402; x_wconf 81' lang='grc' dir='ltr'>συντριήραρχον</span> <span class='ocrx_word' id='word_1_64' title='bbox 756 1317 865 1380; x_wconf 89' lang='lat' dir='ltr'><strong>hahuit</strong></span> <span class='ocrx_word' id='word_1_65' title='bbox 890 1316 1039 1381; x_wconf 89' lang='lat' dir='ltr'><strong>Pasiclem</strong></span> <span class='ocrx_word' id='word_1_66' title='bbox 1069 1317 1194 1379; x_wconf 81' lang='lat' dir='ltr'><strong>fratrem</strong></span> <span class='ocrx_word' id='word_1_67' title='bbox 1222 1314 1350 1401; x_wconf 74' lang='lat' dir='ltr'><strong>[Dera]</strong></span> <span class='ocrx_word' id='word_1_68' title='bbox 1372 1317 1399 1380; x_wconf 96' lang='lat' dir='ltr'><em>L</em></span> <span class='ocrx_word' id='word_1_69' title='bbox 1420 1318 1469 1381; x_wconf 84' lang='grc'><em>41).</em></span> <span class='ocrx_word' id='word_1_70' title='bbox 1490 1318 1542 1382; x_wconf 90' lang='grc'><em>58.</em></span> 
     </span>
     <span class='ocr_line' id='line_1_9' title="bbox 282 1419 1544 1505; baseline 0.001 -20"><span class='ocrx_word' id='word_1_71' title='bbox 282 1419 412 1505; x_wconf 82' lang='lat' dir='ltr'><strong>Selre&#39;r&#39;fer</strong></span> <span class='ocrx_word' id='word_1_72' title='bbox 427 1421 466 1485; x_wconf 90' lang='lat' dir='ltr'><strong>B.</strong></span> <span class='ocrx_word' id='word_1_73' title='bbox 488 1422 556 1500; x_wconf 90' lang='grc'><em>151,</em></span> <span class='ocrx_word' id='word_1_74' title='bbox 574 1422 602 1484; x_wconf 88' lang='grc'><em>4.</em></span> <span class='ocrx_word' id='word_1_75' title='bbox 624 1420 691 1484; x_wconf 90' lang='grc'><em>168.</em></span> <span class='ocrx_word' id='word_1_76' title='bbox 715 1422 815 1486; x_wconf 89' lang='lat' dir='ltr'><strong>Matre</strong></span> <span class='ocrx_word' id='word_1_77' title='bbox 831 1421 989 1505; x_wconf 91' lang='lat' dir='ltr'><strong>Archippe</strong></span> <span class='ocrx_word' id='word_1_78' title='bbox 1004 1421 1109 1503; x_wconf 88' lang='lat' dir='ltr'><strong>paullo</strong></span> <span class='ocrx_word' id='word_1_79' title='bbox 1126 1431 1195 1505; x_wconf 90' lang='lat' dir='ltr'><strong>post</strong></span> <span class='ocrx_word' id='word_1_80' title='bbox 1210 1421 1345 1485; x_wconf 89' lang='lat' dir='ltr'><strong>reditum</strong></span> <span class='ocrx_word' id='word_1_81' title='bbox 1362 1422 1544 1505; x_wconf 75' lang='lat' dir='ltr'><strong>Apollodori</strong></span> 
     </span>
     <span class='ocr_line' id='line_1_10' title="bbox 287 1522 1545 1610; baseline 0.002 -22"><span class='ocrx_word' id='word_1_82' title='bbox 287 1534 411 1590; x_wconf 90' lang='lat' dir='ltr'><strong>mortua</strong></span> <span class='ocrx_word' id='word_1_83' title='bbox 426 1549 455 1587; x_wconf 88' lang='lat' dir='ltr'><strong>a.</strong></span> <span class='ocrx_word' id='word_1_84' title='bbox 476 1522 552 1605; x_wconf 86' lang='grc'><em>366,</em></span> <span class='ocrx_word' id='word_1_85' title='bbox 575 1524 705 1610; x_wconf 86' lang='lat' dir='ltr'><strong>[Dem]</strong></span> <span class='ocrx_word' id='word_1_86' title='bbox 726 1523 753 1586; x_wconf 87' lang='lat' dir='ltr'><em>L</em></span> <span class='ocrx_word' id='word_1_87' title='bbox 772 1523 824 1587; x_wconf 82' lang='lat'><strong>60.</strong></span> <span class='ocrx_word' id='word_1_88' title='bbox 848 1524 978 1608; x_wconf 75' lang='lat' dir='ltr'><strong>Selrdfer</strong></span> <span class='ocrx_word' id='word_1_89' title='bbox 995 1524 1032 1587; x_wconf 85' lang='lat' dir='ltr'><strong>B.</strong></span> <span class='ocrx_word' id='word_1_90' title='bbox 1051 1524 1110 1588; x_wconf 93' lang='grc'><strong>141</strong></span> <span class='ocrx_word' id='word_1_91' title='bbox 1134 1526 1280 1590; x_wconf 90' lang='lat' dir='ltr'><strong>derebus</strong></span> <span class='ocrx_word' id='word_1_92' title='bbox 1301 1526 1386 1589; x_wconf 92' lang='lat' dir='ltr'><strong>illius</strong></span> <span class='ocrx_word' id='word_1_93' title='bbox 1409 1527 1491 1590; x_wconf 90' lang='lat' dir='ltr'><strong>inter</strong></span> <span class='ocrx_word' id='word_1_94' title='bbox 1506 1529 1545 1590; x_wconf 92' lang='lat' dir='ltr'><strong>A.</strong></span> 
     </span>
     <span class='ocr_line' id='line_1_11' title="bbox 283 1629 1545 1713; baseline 0.001 -21"><span class='ocrx_word' id='word_1_95' title='bbox 283 1638 314 1693; x_wconf 89' lang='lat' dir='ltr'><strong>et</strong></span> <span class='ocrx_word' id='word_1_96' title='bbox 341 1630 560 1693; x_wconf 84' lang='lat' dir='ltr'><strong>Phormionem</strong></span> <span class='ocrx_word' id='word_1_97' title='bbox 589 1629 754 1693; x_wconf 83' lang='lat' dir='ltr'><strong>discidium</strong></span> <span class='ocrx_word' id='word_1_98' title='bbox 783 1635 896 1709; x_wconf 88' lang='lat' dir='ltr'><strong>ortum,</strong></span> <span class='ocrx_word' id='word_1_99' title='bbox 928 1629 980 1692; x_wconf 90' lang='lat' dir='ltr'><strong>sed</strong></span> <span class='ocrx_word' id='word_1_100' title='bbox 1009 1629 1133 1692; x_wconf 88' lang='lat' dir='ltr'><strong>arbitris</strong></span> <span class='ocrx_word' id='word_1_101' title='bbox 1161 1629 1310 1692; x_wconf 83' lang='lat' dir='ltr'><strong>adhibitis</strong></span> <span class='ocrx_word' id='word_1_102' title='bbox 1337 1630 1545 1713; x_wconf 85' lang='lat' dir='ltr'><strong>compositum</strong></span> 
     </span>
     <span class='ocr_line' id='line_1_12' title="bbox 285 1730 1546 1815; baseline 0.002 -19"><span class='ocrx_word' id='word_1_103' title='bbox 285 1732 374 1796; x_wconf 73' lang='lat' dir='ltr'><strong>Dem,</strong></span> <span class='ocrx_word' id='word_1_104' title='bbox 401 1730 559 1795; x_wconf 88' lang='lat' dir='ltr'><em>XXXVI</em></span> <span class='ocrx_word' id='word_1_105' title='bbox 576 1733 671 1815; x_wconf 79' lang='lat' dir='ltr'><strong>resq.</strong></span> <span class='ocrx_word' id='word_1_106' title='bbox 709 1733 733 1795; x_wconf 86' lang='lat' dir='ltr'>E</span> <span class='ocrx_word' id='word_1_107' title='bbox 760 1732 942 1797; x_wconf 87' lang='lat' dir='ltr'><strong>trierarchia</strong></span> <span class='ocrx_word' id='word_1_108' title='bbox 969 1733 1000 1795; x_wconf 90' lang='lat' dir='ltr'><strong>in</strong></span> <span class='ocrx_word' id='word_1_109' title='bbox 1029 1731 1191 1796; x_wconf 88' lang='lat' dir='ltr'><strong>Thraciam</strong></span> <span class='ocrx_word' id='word_1_110' title='bbox 1226 1733 1264 1796; x_wconf 92' lang='lat' dir='ltr'><strong>lis</strong></span> <span class='ocrx_word' id='word_1_111' title='bbox 1298 1734 1365 1796; x_wconf 91' lang='lat' dir='ltr'><strong>eius</strong></span> <span class='ocrx_word' id='word_1_112' title='bbox 1399 1739 1469 1796; x_wconf 88' lang='lat' dir='ltr'><strong>orta</strong></span> <span class='ocrx_word' id='word_1_113' title='bbox 1499 1741 1546 1798; x_wconf 88' lang='lat' dir='ltr'><strong>est</strong></span> 
     </span>
     <span class='ocr_line' id='line_1_13' title="bbox 285 1833 1547 1920; baseline -0.001 -21"><span class='ocrx_word' id='word_1_114' title='bbox 285 1838 356 1920; x_wconf 82' lang='grc' dir='ltr'>πρὸς</span> <span class='ocrx_word' id='word_1_115' title='bbox 380 1835 534 1901; x_wconf 77' lang='grc' dir='ltr'>Πολυκλέα</span> <span class='ocrx_word' id='word_1_116' title='bbox 557 1838 622 1920; x_wconf 86' lang='grc' dir='ltr'>περὶ</span> <span class='ocrx_word' id='word_1_117' title='bbox 645 1840 696 1899; x_wconf 82' lang='grc' dir='ltr'>τοῦ</span> <span class='ocrx_word' id='word_1_118' title='bbox 719 1836 1025 1920; x_wconf 79' lang='grc' dir='ltr'>ἐπιτριηραρχήματος</span> <span class='ocrx_word' id='word_1_119' title='bbox 1047 1858 1071 1897; x_wconf 89' lang='lat' dir='ltr'><strong>e.</strong></span> <span class='ocrx_word' id='word_1_120' title='bbox 1089 1859 1118 1898; x_wconf 90' lang='lat' dir='ltr'><strong>a.</strong></span> <span class='ocrx_word' id='word_1_121' title='bbox 1136 1833 1211 1913; x_wconf 87' lang='grc'><em>358,</em></span> <span class='ocrx_word' id='word_1_122' title='bbox 1234 1834 1253 1920; x_wconf 85' lang='grc'><em>1</em></span> <span class='ocrx_word' id='word_1_123' title='bbox 1255 1834 1364 1919; x_wconf 74' lang='lat' dir='ltr'><strong>Dent]</strong></span> <span class='ocrx_word' id='word_1_124' title='bbox 1377 1834 1429 1899; x_wconf 86' lang='grc'><em>50,</em></span> <span class='ocrx_word' id='word_1_125' title='bbox 1454 1836 1547 1899; x_wconf 85' lang='lat' dir='ltr'><strong>Blasa</strong></span> 
     </span>
     <span class='ocr_line' id='line_1_14' title="bbox 287 1938 1548 2025; baseline 0.003 -24"><span class='ocrx_word' id='word_1_126' title='bbox 287 1938 358 2002; x_wconf 77' lang='grc' dir='ltr'><strong>ΗΡ</strong></span> <span class='ocrx_word' id='word_1_127' title='bbox 376 1940 403 2018; x_wconf 94' lang='grc'><em>1,</em></span> <span class='ocrx_word' id='word_1_128' title='bbox 418 1939 495 2003; x_wconf 93' lang='grc'><em>528.</em></span> <span class='ocrx_word' id='word_1_129' title='bbox 519 1940 586 2004; x_wconf 83' lang='grc' dir='ltr'><strong>Ηυυ</strong></span> <span class='ocrx_word' id='word_1_130' title='bbox 599 1940 672 2024; x_wconf 84' lang='lat' dir='ltr'><strong>fere</strong></span> <span class='ocrx_word' id='word_1_131' title='bbox 692 1952 824 2021; x_wconf 85' lang='lat' dir='ltr'><strong>tempore</strong></span> <span class='ocrx_word' id='word_1_132' title='bbox 838 1940 884 2003; x_wconf 88' lang='lat' dir='ltr'><strong>cel</strong></span> <span class='ocrx_word' id='word_1_133' title='bbox 894 1940 1006 2025; x_wconf 83' lang='lat' dir='ltr'><strong>purello</strong></span> <span class='ocrx_word' id='word_1_134' title='bbox 1022 1950 1092 2001; x_wconf 88' lang='lat' dir='ltr'><strong>ante</strong></span> <span class='ocrx_word' id='word_1_135' title='bbox 1109 1940 1232 2024; x_wconf 85' lang='lat' dir='ltr'><strong>publice</strong></span> <span class='ocrx_word' id='word_1_136' title='bbox 1249 1947 1409 2004; x_wconf 87' lang='lat' dir='ltr'><strong>accusator</strong></span> <span class='ocrx_word' id='word_1_137' title='bbox 1424 1941 1548 2005; x_wconf 82' lang='lat' dir='ltr'><strong>exsistit</strong></span> 
     </span>
     <span class='ocr_line' id='line_1_15' title="bbox 286 2042 1548 2127; baseline 0.002 -21"><span class='ocrx_word' id='word_1_138' title='bbox 286 2043 479 2107; x_wconf 84' lang='lat' dir='ltr'><strong>Timomachi</strong></span> <span class='ocrx_word' id='word_1_139' title='bbox 495 2043 715 2121; x_wconf 70' lang='lat' dir='ltr'><strong>Amaniensis,</strong></span> <span class='ocrx_word' id='word_1_140' title='bbox 732 2042 866 2127; x_wconf 81' lang='lat' dir='ltr'><strong>Callippi</strong></span> <span class='ocrx_word' id='word_1_141' title='bbox 884 2043 1087 2115; x_wconf 80' lang='lat' dir='ltr'><strong>Aenononsis,</strong></span> <span class='ocrx_word' id='word_1_142' title='bbox 1103 2042 1256 2121; x_wconf 81' lang='lat' dir='ltr'><strong>hieronis,</strong></span> <span class='ocrx_word' id='word_1_143' title='bbox 1270 2044 1412 2108; x_wconf 83' lang='lat' dir='ltr'><strong>Autool&#39;m</strong></span> <span class='ocrx_word' id='word_1_144' title='bbox 1427 2045 1548 2109; x_wconf 87' lang='lat' dir='ltr'><strong>Strom-</strong></span> 
     </span>
     <span class='ocr_line' id='line_1_16' title="bbox 288 2143 1547 2229; baseline 0.002 -21"><span class='ocrx_word' id='word_1_145' title='bbox 288 2146 419 2210; x_wconf 88' lang='lat' dir='ltr'><strong>bichidis</strong></span> <span class='ocrx_word' id='word_1_146' title='bbox 435 2148 466 2229; x_wconf 82' lang='grc'><em>1.,</em></span> <span class='ocrx_word' id='word_1_147' title='bbox 484 2147 640 2211; x_wconf 85' lang='lat' dir='ltr'><strong>Timothei</strong></span> <span class='ocrx_word' id='word_1_148' title='bbox 657 2146 858 2229; x_wconf 85' lang='lat' dir='ltr'><strong>Anaphlystii</strong></span> <span class='ocrx_word' id='word_1_149' title='bbox 875 2145 965 2209; x_wconf 87' lang='lat' dir='ltr'><strong>Dem.</strong></span> <span class='ocrx_word' id='word_1_150' title='bbox 984 2144 1085 2208; x_wconf 93' lang='lat' dir='ltr'><strong>XXX</strong></span> <span class='ocrx_word' id='word_1_151' title='bbox 1092 2143 1142 2208; x_wconf 90' lang='lat' dir='ltr'><strong>VI</strong></span> <span class='ocrx_word' id='word_1_152' title='bbox 1149 2145 1203 2209; x_wconf 85' lang='grc'><em>53.</em></span> <span class='ocrx_word' id='word_1_153' title='bbox 1221 2145 1351 2228; x_wconf 75' lang='lat' dir='ltr'><strong>Sehdfer</strong></span> <span class='ocrx_word' id='word_1_154' title='bbox 1367 2146 1401 2210; x_wconf 82' lang='lat'><strong>1²</strong></span> <span class='ocrx_word' id='word_1_155' title='bbox 1420 2147 1489 2212; x_wconf 81' lang='grc'><em>166.</em></span> <span class='ocrx_word' id='word_1_156' title='bbox 1507 2148 1547 2211; x_wconf 86' lang='grc' dir='ltr'><strong>Β.</strong></span> 
     </span>
     <span class='ocr_line' id='line_1_17' title="bbox 289 2248 1547 2333; baseline 0.002 -21"><span class='ocrx_word' id='word_1_157' title='bbox 289 2250 350 2312; x_wconf 90' lang='grc'><strong>158</strong></span> <span class='ocrx_word' id='word_1_158' title='bbox 361 2272 403 2333; x_wconf 82' lang='lat' dir='ltr'><strong>sq.</strong></span> <span class='ocrx_word' id='word_1_159' title='bbox 432 2250 633 2314; x_wconf 86' lang='lat' dir='ltr'><strong>Trierarchus</strong></span> <span class='ocrx_word' id='word_1_160' title='bbox 655 2269 736 2314; x_wconf 92' lang='lat' dir='ltr'><strong>anno</strong></span> <span class='ocrx_word' id='word_1_161' title='bbox 760 2249 857 2313; x_wconf 86' lang='lat' dir='ltr'><strong>altero</strong></span> <span class='ocrx_word' id='word_1_162' title='bbox 881 2248 955 2313; x_wconf 90' lang='lat' dir='ltr'><strong>belli</strong></span> <span class='ocrx_word' id='word_1_163' title='bbox 978 2249 1100 2313; x_wconf 90' lang='lat' dir='ltr'><strong>socialis</strong></span> <span class='ocrx_word' id='word_1_164' title='bbox 1122 2251 1158 2312; x_wconf 86' lang='lat' dir='ltr'><strong>a&#39;n</strong></span> <span class='ocrx_word' id='word_1_165' title='bbox 1180 2252 1225 2312; x_wconf 84' lang='lat' dir='ltr'><strong>te&#39;t.</strong></span> <span class='ocrx_word' id='word_1_166' title='bbox 1249 2272 1319 2313; x_wconf 88' lang='lat' dir='ltr'><strong>nuo.</strong></span> <span class='ocrx_word' id='word_1_167' title='bbox 1336 2275 1365 2313; x_wconf 89' lang='lat' dir='ltr'><strong>a.</strong></span> <span class='ocrx_word' id='word_1_168' title='bbox 1382 2248 1494 2333; x_wconf 83' lang='grc'><em>35615,</em></span> <span class='ocrx_word' id='word_1_169' title='bbox 1523 2252 1547 2314; x_wconf 91' lang='grc'><em>1.</em></span> 
     </span>
     <span class='ocr_line' id='line_1_18' title="bbox 286 2350 1549 2437; baseline 0.003 -22"><span class='ocrx_word' id='word_1_170' title='bbox 286 2353 325 2437; x_wconf 82' lang='lat' dir='ltr'><strong>cf.</strong></span> <span class='ocrx_word' id='word_1_171' title='bbox 352 2352 410 2415; x_wconf 80' lang='lat' dir='ltr'><strong>Ro.</strong></span> <span class='ocrx_word' id='word_1_172' title='bbox 429 2353 508 2416; x_wconf 85' lang='lat' dir='ltr'><strong>Mes.</strong></span> <span class='ocrx_word' id='word_1_173' title='bbox 529 2352 687 2417; x_wconf 63' lang='lat' dir='ltr'><em>,XXXIX</em></span> <span class='ocrx_word' id='word_1_174' title='bbox 704 2350 778 2415; x_wconf 87' lang='grc'><em>369.</em></span> <span class='ocrx_word' id='word_1_175' title='bbox 804 2351 940 2436; x_wconf 78' lang='grc' dir='ltr'>Χορήχὸς</span> <span class='ocrx_word' id='word_1_176' title='bbox 963 2353 1044 2415; x_wconf 82' lang='grc' dir='ltr'>ἐνίκα</span> <span class='ocrx_word' id='word_1_177' title='bbox 1067 2374 1138 2418; x_wconf 87' lang='lat' dir='ltr'><strong>curn</strong></span> <span class='ocrx_word' id='word_1_178' title='bbox 1155 2354 1260 2437; x_wconf 88' lang='lat' dir='ltr'><strong>pueris</strong></span> <span class='ocrx_word' id='word_1_179' title='bbox 1282 2355 1382 2418; x_wconf 87' lang='lat' dir='ltr'><strong>tribus</strong></span> <span class='ocrx_word' id='word_1_180' title='bbox 1399 2354 1549 2419; x_wconf 90' lang='lat' dir='ltr'><strong>Oeneidis</strong></span> 
     </span>
     <span class='ocr_line' id='line_1_19' title="bbox 287 2454 1550 2543; baseline 0.002 -25"><span class='ocrx_word' id='word_1_181' title='bbox 287 2458 322 2519; x_wconf 72' lang='grc' dir='ltr'>οἰκ</span> <span class='ocrx_word' id='word_1_182' title='bbox 355 2458 402 2519; x_wconf 76' lang='lat' dir='ltr'><strong>tir.</strong></span> <span class='ocrx_word' id='word_1_183' title='bbox 436 2455 557 2541; x_wconf 71' lang='lat' dir='ltr'><strong>charoy.</strong></span> <span class='ocrx_word' id='word_1_184' title='bbox 592 2480 621 2519; x_wconf 88' lang='lat' dir='ltr'><strong>a.</strong></span> <span class='ocrx_word' id='word_1_185' title='bbox 642 2454 756 2535; x_wconf 87' lang='grc'><em>35211,</em></span> <span class='ocrx_word' id='word_1_186' title='bbox 778 2456 809 2519; x_wconf 94' lang='grc'><em>2.</em></span> <span class='ocrx_word' id='word_1_187' title='bbox 839 2456 955 2519; x_wconf 84' lang='lat' dir='ltr'><strong>Rursus</strong></span> <span class='ocrx_word' id='word_1_188' title='bbox 988 2457 1070 2538; x_wconf 80' lang='grc' dir='ltr'>δίκην</span> <span class='ocrx_word' id='word_1_189' title='bbox 1104 2459 1252 2519; x_wconf 84' lang='grc' dir='ltr'>ταλάντων</span> <span class='ocrx_word' id='word_1_190' title='bbox 1284 2456 1378 2521; x_wconf 80' lang='grc' dir='ltr'>εἴκοσι</span> <span class='ocrx_word' id='word_1_191' title='bbox 1409 2460 1550 2543; x_wconf 76' lang='grc' dir='ltr'>λαχχάνει</span> 
     </span>
     <span class='ocr_line' id='line_1_20' title="bbox 289 2558 1550 2643; baseline 0.003 -22"><span class='ocrx_word' id='word_1_192' title='bbox 289 2560 441 2643; x_wconf 78' lang='grc' dir='ltr'>Φορμίωνι</span> <span class='ocrx_word' id='word_1_193' title='bbox 464 2582 493 2622; x_wconf 91' lang='grc' dir='ltr'><strong>α.</strong></span> <span class='ocrx_word' id='word_1_194' title='bbox 510 2558 585 2637; x_wconf 85' lang='grc'><em>351),</em></span> <span class='ocrx_word' id='word_1_195' title='bbox 609 2558 701 2621; x_wconf 88' lang='lat' dir='ltr'><strong>Bluss</strong></span> <span class='ocrx_word' id='word_1_196' title='bbox 716 2558 776 2621; x_wconf 96' lang='lat' dir='ltr'><strong>III</strong></span> <span class='ocrx_word' id='word_1_197' title='bbox 778 2558 788 2589; x_wconf 84' lang='lat'>²</span> <span class='ocrx_word' id='word_1_198' title='bbox 808 2560 833 2636; x_wconf 83' lang='lat'><strong>1,</strong></span> <span class='ocrx_word' id='word_1_199' title='bbox 854 2558 934 2634; x_wconf 89' lang='grc'><em>462;</em></span> <span class='ocrx_word' id='word_1_200' title='bbox 962 2566 1071 2623; x_wconf 87' lang='lat' dir='ltr'><strong>eontra</strong></span> <span class='ocrx_word' id='word_1_201' title='bbox 1093 2559 1174 2624; x_wconf 90' lang='lat' dir='ltr'><strong>hanc</strong></span> <span class='ocrx_word' id='word_1_202' title='bbox 1196 2559 1429 2626; x_wconf 84' lang='lat' dir='ltr'><strong>accusationem</strong></span> <span class='ocrx_word' id='word_1_203' title='bbox 1452 2563 1550 2626; x_wconf 87' lang='lat' dir='ltr'><strong>oratio</strong></span> 
     </span>
     <span class='ocr_line' id='line_1_21' title="bbox 289 2661 1552 2748; baseline 0.001 -21"><span class='ocrx_word' id='word_1_204' title='bbox 289 2664 506 2727; x_wconf 87' lang='lat' dir='ltr'><strong>Demosthenis</strong></span> <span class='ocrx_word' id='word_1_205' title='bbox 522 2683 576 2748; x_wconf 89' lang='lat' dir='ltr'><strong>pro</strong></span> <span class='ocrx_word' id='word_1_206' title='bbox 594 2663 778 2728; x_wconf 90' lang='lat' dir='ltr'><strong>Phormione</strong></span> <span class='ocrx_word' id='word_1_207' title='bbox 800 2662 869 2744; x_wconf 86' lang='grc'><em>(36)</em></span> <span class='ocrx_word' id='word_1_208' title='bbox 894 2663 1002 2726; x_wconf 88' lang='lat' dir='ltr'><strong>habita</strong></span> <span class='ocrx_word' id='word_1_209' title='bbox 1017 2671 1072 2727; x_wconf 90' lang='lat' dir='ltr'><strong>est.</strong></span> <span class='ocrx_word' id='word_1_210' title='bbox 1098 2664 1191 2726; x_wconf 84' lang='lat' dir='ltr'><strong>Anno</strong></span> <span class='ocrx_word' id='word_1_211' title='bbox 1207 2661 1273 2726; x_wconf 97' lang='grc'><em>348</em></span> <span class='ocrx_word' id='word_1_212' title='bbox 1295 2667 1434 2745; x_wconf 85' lang='lat' dir='ltr'><strong>a&#39;neante,</strong></span> <span class='ocrx_word' id='word_1_213' title='bbox 1458 2665 1552 2728; x_wconf 80' lang='lat' dir='ltr'><strong>Blaae</strong></span> 
     </span>
     <span class='ocr_line' id='line_1_22' title="bbox 291 2764 1552 2852; baseline 0 -23"><span class='ocrx_word' id='word_1_214' title='bbox 291 2765 348 2829; x_wconf 93' lang='lat' dir='ltr'><strong>III</strong></span> <span class='ocrx_word' id='word_1_215' title='bbox 352 2766 361 2797; x_wconf 75' lang='lat'>²</span> <span class='ocrx_word' id='word_1_216' title='bbox 379 2768 406 2849; x_wconf 89' lang='grc'><em>1,</em></span> <span class='ocrx_word' id='word_1_217' title='bbox 422 2764 489 2830; x_wconf 85' lang='grc'><strong>316</strong></span> <span class='ocrx_word' id='word_1_218' title='bbox 522 2767 666 2851; x_wconf 79' lang='grc' dir='ltr'>βουλεύων</span> <span class='ocrx_word' id='word_1_219' title='bbox 699 2764 807 2851; x_wconf 71' lang='grc' dir='ltr'>ἔγραψε</span> <span class='ocrx_word' id='word_1_220' title='bbox 839 2767 978 2850; x_wconf 77' lang='grc' dir='ltr'>ψήφισμα</span> <span class='ocrx_word' id='word_1_221' title='bbox 1003 2767 1034 2829; x_wconf 84' lang='grc' dir='ltr'><strong>ἐν</strong></span> <span class='ocrx_word' id='word_1_222' title='bbox 1062 2772 1098 2849; x_wconf 82' lang='grc' dir='ltr'><strong>τή</strong></span> <span class='ocrx_word' id='word_1_223' title='bbox 1129 2768 1222 2851; x_wconf 78' lang='grc' dir='ltr'>βουλή</span> <span class='ocrx_word' id='word_1_224' title='bbox 1252 2770 1300 2831; x_wconf 88' lang='grc' dir='ltr'>καὶ</span> <span class='ocrx_word' id='word_1_225' title='bbox 1324 2768 1459 2850; x_wconf 76' lang='grc' dir='ltr'>ἐξήνεγκε</span> <span class='ocrx_word' id='word_1_226' title='bbox 1485 2792 1552 2852; x_wconf 84' lang='grc' dir='ltr'>προ-</span> 
     </span>
     <span class='ocr_line' id='line_1_23' title="bbox 291 2870 1553 2955; baseline 0.001 -22"><span class='ocrx_word' id='word_1_227' title='bbox 291 2871 439 2955; x_wconf 80' lang='grc' dir='ltr'>βούλευμα</span> <span class='ocrx_word' id='word_1_228' title='bbox 463 2870 503 2937; x_wconf 73' lang='lat' dir='ltr'><strong>eis</strong></span> <span class='ocrx_word' id='word_1_229' title='bbox 526 2870 573 2933; x_wconf 83' lang='grc' dir='ltr'><strong>τὸν</strong></span> <span class='ocrx_word' id='word_1_230' title='bbox 598 2873 691 2954; x_wconf 82' lang='grc' dir='ltr'>δῆμον</span> <span class='ocrx_word' id='word_1_231' title='bbox 707 2874 959 2955; x_wconf 77' lang='grc' dir='ltr'>διαχειροτονῆσαι</span> <span class='ocrx_word' id='word_1_232' title='bbox 981 2871 1030 2933; x_wconf 88' lang='grc' dir='ltr'><strong>τὸν</strong></span> <span class='ocrx_word' id='word_1_233' title='bbox 1053 2872 1156 2953; x_wconf 80' lang='grc' dir='ltr'>δῆμον,</span> <span class='ocrx_word' id='word_1_234' title='bbox 1181 2870 1240 2934; x_wconf 82' lang='grc' dir='ltr'>εἴτε</span> <span class='ocrx_word' id='word_1_235' title='bbox 1263 2874 1343 2935; x_wconf 84' lang='grc' dir='ltr'>δοκεῖ</span> <span class='ocrx_word' id='word_1_236' title='bbox 1365 2874 1401 2934; x_wconf 84' lang='grc' dir='ltr'><strong>τὰ</strong></span> <span class='ocrx_word' id='word_1_237' title='bbox 1417 2870 1553 2955; x_wconf 79' lang='grc' dir='ltr'>περιόντα</span> 
     </span>
     <span class='ocr_line' id='line_1_24' title="bbox 291 2972 1552 3059; baseline 0.002 -23"><span class='ocrx_word' id='word_1_238' title='bbox 291 2974 429 3058; x_wconf 82' lang='grc' dir='ltr'>χρήματα</span> <span class='ocrx_word' id='word_1_239' title='bbox 453 2978 505 3056; x_wconf 76' lang='grc' dir='ltr'><strong>τῆς</strong></span> <span class='ocrx_word' id='word_1_240' title='bbox 527 2976 698 3057; x_wconf 83' lang='grc' dir='ltr'>διοικήσεως</span> <span class='ocrx_word' id='word_1_241' title='bbox 722 2973 915 3057; x_wconf 83' lang='grc' dir='ltr'>στρατιωτικὰ</span> <span class='ocrx_word' id='word_1_242' title='bbox 937 2972 1011 3036; x_wconf 84' lang='grc' dir='ltr'>εἶναι</span> <span class='ocrx_word' id='word_1_243' title='bbox 1033 2972 1093 3036; x_wconf 79' lang='grc' dir='ltr'>εἴτε</span> <span class='ocrx_word' id='word_1_244' title='bbox 1108 2974 1247 3056; x_wconf 76' lang='grc' dir='ltr'>θεωρικά.</span> <span class='ocrx_word' id='word_1_245' title='bbox 1270 2976 1344 3039; x_wconf 86' lang='lat' dir='ltr'><strong>Ideo</strong></span> <span class='ocrx_word' id='word_1_246' title='bbox 1361 2976 1552 3059; x_wconf 83' lang='lat' dir='ltr'><strong>aStephano</strong></span> 
     </span>
    </p>

    <p class='ocr_par' dir='ltr' id='par_1_2' title="bbox 238 3076 1568 5139">
     <span class='ocr_line' id='line_1_25' title="bbox 238 3076 1554 3163; baseline -0.001 -22"><span class='ocrx_word' id='word_1_247' title='bbox 238 3140 243 3149; x_wconf 83' lang='lat'><strong>,</strong></span> <span class='ocrx_word' id='word_1_248' title='bbox 294 3078 429 3142; x_wconf 88' lang='lat' dir='ltr'><strong>Eroeade</strong></span> <span class='ocrx_word' id='word_1_249' title='bbox 452 3076 628 3161; x_wconf 82' lang='grc' dir='ltr'>παρανόμων</span> <span class='ocrx_word' id='word_1_250' title='bbox 652 3099 722 3141; x_wconf 90' lang='lat' dir='ltr'><strong>reus</strong></span> <span class='ocrx_word' id='word_1_251' title='bbox 749 3078 850 3142; x_wconf 86' lang='lat' dir='ltr'><strong>factus</strong></span> <span class='ocrx_word' id='word_1_252' title='bbox 874 3098 976 3160; x_wconf 88' lang='lat' dir='ltr'><strong>poena</strong></span> <span class='ocrx_word' id='word_1_253' title='bbox 998 3078 1092 3141; x_wconf 91' lang='lat' dir='ltr'><strong>unius</strong></span> <span class='ocrx_word' id='word_1_254' title='bbox 1115 3078 1226 3143; x_wconf 87' lang='lat' dir='ltr'><strong>talenti</strong></span> <span class='ocrx_word' id='word_1_255' title='bbox 1249 3080 1401 3143; x_wconf 89' lang='lat' dir='ltr'><strong>multatur</strong></span> <span class='ocrx_word' id='word_1_256' title='bbox 1423 3077 1554 3163; x_wconf 77' lang='lat' dir='ltr'><strong>[Deua]</strong></span> 
     </span>
     <span class='ocr_line' id='line_1_26' title="bbox 294 3178 1552 3263; baseline 0.001 -18"><span class='ocrx_word' id='word_1_257' title='bbox 294 3180 375 3245; x_wconf 87' lang='lat' dir='ltr'><strong>LIX</strong></span> <span class='ocrx_word' id='word_1_258' title='bbox 394 3179 499 3243; x_wconf 87' lang='grc'><em>2-8.</em></span> <span class='ocrx_word' id='word_1_259' title='bbox 528 3179 659 3263; x_wconf 77' lang='lat' dir='ltr'><strong>Seleu&#39;fer</strong></span> <span class='ocrx_word' id='word_1_260' title='bbox 681 3180 717 3244; x_wconf 87' lang='grc' dir='ltr'><strong>Β.</strong></span> <span class='ocrx_word' id='word_1_261' title='bbox 742 3178 811 3244; x_wconf 86' lang='grc'><em>181).</em></span> <span class='ocrx_word' id='word_1_262' title='bbox 844 3180 937 3243; x_wconf 87' lang='lat' dir='ltr'><strong>Blass</strong></span> <span class='ocrx_word' id='word_1_263' title='bbox 958 3179 1017 3244; x_wconf 95' lang='lat' dir='ltr'><strong>III</strong></span> <span class='ocrx_word' id='word_1_264' title='bbox 1023 3179 1034 3211; x_wconf 78' lang='lat'>³</span> <span class='ocrx_word' id='word_1_265' title='bbox 1052 3182 1078 3262; x_wconf 93' lang='grc'><em>1,</em></span> <span class='ocrx_word' id='word_1_266' title='bbox 1098 3180 1153 3244; x_wconf 88' lang='grc'><strong>33.</strong></span> <span class='ocrx_word' id='word_1_267' title='bbox 1173 3180 1248 3245; x_wconf 90' lang='grc'><em>536.</em></span> <span class='ocrx_word' id='word_1_268' title='bbox 1279 3182 1351 3245; x_wconf 87' lang='lat' dir='ltr'><strong>Mox</strong></span> <span class='ocrx_word' id='word_1_269' title='bbox 1377 3183 1416 3245; x_wconf 90' lang='lat' dir='ltr'><strong>ab</strong></span> <span class='ocrx_word' id='word_1_270' title='bbox 1446 3182 1552 3246; x_wconf 89' lang='lat' dir='ltr'><strong>eodem</strong></span> 
     </span>
     <span class='ocr_line' id='line_1_27' title="bbox 293 3284 1554 3370; baseline -0.002 -21"><span class='ocrx_word' id='word_1_271' title='bbox 293 3285 450 3370; x_wconf 77' lang='lat' dir='ltr'><strong>Stephano</strong></span> <span class='ocrx_word' id='word_1_272' title='bbox 473 3285 610 3349; x_wconf 82' lang='lat' dir='ltr'><strong>Eroeade</strong></span> <span class='ocrx_word' id='word_1_273' title='bbox 632 3284 722 3368; x_wconf 78' lang='grc' dir='ltr'>φόνου</span> <span class='ocrx_word' id='word_1_274' title='bbox 746 3296 918 3364; x_wconf 87' lang='lat' dir='ltr'><strong>accusatur,</strong></span> <span class='ocrx_word' id='word_1_275' title='bbox 940 3284 996 3348; x_wconf 90' lang='lat' dir='ltr'><strong>sed</strong></span> <span class='ocrx_word' id='word_1_276' title='bbox 1018 3284 1191 3352; x_wconf 84' lang='lat' dir='ltr'><strong>absolvitur</strong></span> <span class='ocrx_word' id='word_1_277' title='bbox 1213 3284 1343 3370; x_wconf 79' lang='lat' dir='ltr'><strong>[Dera]</strong></span> <span class='ocrx_word' id='word_1_278' title='bbox 1358 3284 1441 3349; x_wconf 91' lang='lat' dir='ltr'><strong>LIX</strong></span> <span class='ocrx_word' id='word_1_279' title='bbox 1455 3284 1486 3349; x_wconf 85' lang='lat'><strong>9.</strong></span> <span class='ocrx_word' id='word_1_280' title='bbox 1506 3285 1554 3348; x_wconf 84' lang='grc'><em>10.</em></span> 
     </span>
     <span class='ocr_line' id='line_1_28' title="bbox 294 3387 1556 3474; baseline 0 -21"><span class='ocrx_word' id='word_1_281' title='bbox 294 3390 441 3467; x_wconf 84' lang='lat' dir='ltr'><strong>Quamvis</strong></span> <span class='ocrx_word' id='word_1_282' title='bbox 464 3388 625 3452; x_wconf 86' lang='lat' dir='ltr'><strong>cecidisset</strong></span> <span class='ocrx_word' id='word_1_283' title='bbox 647 3410 741 3453; x_wconf 88' lang='lat' dir='ltr'><strong>causa</strong></span> <span class='ocrx_word' id='word_1_284' title='bbox 763 3387 911 3452; x_wconf 86' lang='lat' dir='ltr'><strong>adversus</strong></span> <span class='ocrx_word' id='word_1_285' title='bbox 936 3388 1155 3453; x_wconf 92' lang='lat' dir='ltr'><strong>Phormionem</strong></span> <span class='ocrx_word' id='word_1_286' title='bbox 1172 3388 1261 3452; x_wconf 87' lang='lat' dir='ltr'><strong>Dem.</strong></span> <span class='ocrx_word' id='word_1_287' title='bbox 1284 3387 1425 3470; x_wconf 75' lang='lat' dir='ltr'><em>XLVII,</em></span> <span class='ocrx_word' id='word_1_288' title='bbox 1450 3390 1556 3474; x_wconf 86' lang='lat' dir='ltr'><strong>paullo</strong></span> 
     </span>
     <span class='ocr_line' id='line_1_29' title="bbox 295 3490 1556 3577; baseline 0 -21"><span class='ocrx_word' id='word_1_289' title='bbox 295 3500 365 3577; x_wconf 85' lang='lat' dir='ltr'><strong>post</strong></span> <span class='ocrx_word' id='word_1_290' title='bbox 379 3516 403 3555; x_wconf 89' lang='lat' dir='ltr'><strong>e.</strong></span> <span class='ocrx_word' id='word_1_291' title='bbox 417 3516 446 3555; x_wconf 89' lang='lat' dir='ltr'><strong>a.</strong></span> <span class='ocrx_word' id='word_1_292' title='bbox 459 3490 572 3572; x_wconf 86' lang='grc'><em>34918,</em></span> <span class='ocrx_word' id='word_1_293' title='bbox 590 3491 682 3554; x_wconf 86' lang='lat' dir='ltr'><strong>Blass</strong></span> <span class='ocrx_word' id='word_1_294' title='bbox 695 3491 758 3555; x_wconf 84' lang='grc'><strong>468</strong></span> <span class='ocrx_word' id='word_1_295' title='bbox 773 3492 864 3555; x_wconf 90' lang='lat' dir='ltr'><strong>huius</strong></span> <span class='ocrx_word' id='word_1_296' title='bbox 881 3492 945 3555; x_wconf 91' lang='lat' dir='ltr'><strong>litis</strong></span> <span class='ocrx_word' id='word_1_297' title='bbox 961 3501 1083 3572; x_wconf 87' lang='lat' dir='ltr'><strong>testem,</strong></span> <span class='ocrx_word' id='word_1_298' title='bbox 1100 3491 1296 3577; x_wconf 85' lang='lat' dir='ltr'><strong>Stephanum</strong></span> <span class='ocrx_word' id='word_1_299' title='bbox 1312 3494 1556 3571; x_wconf 70' lang='lat' dir='ltr'><strong>einhamensem,</strong></span> 
     </span>
     <span class='ocr_line' id='line_1_30' title="bbox 296 3594 1558 3680; baseline -0.001 -21"><span class='ocrx_word' id='word_1_300' title='bbox 296 3618 384 3680; x_wconf 76' lang='grc' dir='ltr'>ριν-αα</span> <span class='ocrx_word' id='word_1_301' title='bbox 411 3596 463 3678; x_wconf 80' lang='grc' dir='ltr'><em>υ1.,</em></span> <span class='ocrx_word' id='word_1_302' title='bbox 492 3596 530 3660; x_wconf 95' lang='lat' dir='ltr'><strong>ob</strong></span> <span class='ocrx_word' id='word_1_303' title='bbox 559 3595 670 3659; x_wconf 84' lang='lat' dir='ltr'><strong>salsum</strong></span> <span class='ocrx_word' id='word_1_304' title='bbox 701 3595 915 3659; x_wconf 90' lang='lat' dir='ltr'><strong>testimonium</strong></span> <span class='ocrx_word' id='word_1_305' title='bbox 942 3594 1097 3677; x_wconf 85' lang='lat' dir='ltr'><strong>prolatum</strong></span> <span class='ocrx_word' id='word_1_306' title='bbox 1131 3596 1163 3658; x_wconf 93' lang='lat' dir='ltr'><strong>in</strong></span> <span class='ocrx_word' id='word_1_307' title='bbox 1191 3596 1239 3659; x_wconf 89' lang='lat' dir='ltr'><strong>ius</strong></span> <span class='ocrx_word' id='word_1_308' title='bbox 1266 3604 1367 3674; x_wconf 88' lang='lat' dir='ltr'><strong>vocat,</strong></span> <span class='ocrx_word' id='word_1_309' title='bbox 1401 3595 1558 3680; x_wconf 81' lang='lat' dir='ltr'><strong>quemad</strong></span> 
     </span>
     <span class='ocr_line' id='line_1_31' title="bbox 297 3696 1557 3785; baseline -0.002 -21"><span class='ocrx_word' id='word_1_310' title='bbox 297 3722 360 3764; x_wconf 88' lang='lat' dir='ltr'><strong>rem</strong></span> <span class='ocrx_word' id='word_1_311' title='bbox 383 3708 529 3785; x_wconf 87' lang='lat' dir='ltr'><strong>spectant</strong></span> <span class='ocrx_word' id='word_1_312' title='bbox 546 3699 632 3763; x_wconf 88' lang='lat' dir='ltr'><strong>Dem.</strong></span> <span class='ocrx_word' id='word_1_313' title='bbox 648 3699 690 3761; x_wconf 78' lang='lat' dir='ltr'><strong>lo</strong></span> <span class='ocrx_word' id='word_1_314' title='bbox 714 3707 745 3761; x_wconf 89' lang='lat' dir='ltr'><strong>et</strong></span> <span class='ocrx_word' id='word_1_315' title='bbox 761 3696 880 3783; x_wconf 80' lang='lat' dir='ltr'><strong>[llam]</strong></span> <span class='ocrx_word' id='word_1_316' title='bbox 897 3698 949 3775; x_wconf 81' lang='lat' dir='ltr'><strong>to,</strong></span> <span class='ocrx_word' id='word_1_317' title='bbox 975 3697 1067 3760; x_wconf 87' lang='lat' dir='ltr'><strong>Bless</strong></span> <span class='ocrx_word' id='word_1_318' title='bbox 1087 3696 1159 3761; x_wconf 90' lang='grc'><em>468.</em></span> <span class='ocrx_word' id='word_1_319' title='bbox 1174 3697 1250 3763; x_wconf 89' lang='grc'><em>531.</em></span> <span class='ocrx_word' id='word_1_320' title='bbox 1268 3700 1341 3763; x_wconf 85' lang='lat' dir='ltr'><strong>llius</strong></span> <span class='ocrx_word' id='word_1_321' title='bbox 1357 3702 1388 3763; x_wconf 92' lang='lat' dir='ltr'><strong>in</strong></span> <span class='ocrx_word' id='word_1_322' title='bbox 1406 3700 1557 3764; x_wconf 88' lang='lat' dir='ltr'><strong>Neaeram</strong></span> 
     </span>
     <span class='ocr_line' id='line_1_32' title="bbox 298 3800 1558 3887; baseline -0.002 -20"><span class='ocrx_word' id='word_1_323' title='bbox 298 3805 396 3868; x_wconf 90' lang='lat' dir='ltr'><strong>oratio</strong></span> <span class='ocrx_word' id='word_1_324' title='bbox 408 3826 468 3867; x_wconf 82' lang='lat' dir='ltr'><strong>aa.</strong></span> <span class='ocrx_word' id='word_1_325' title='bbox 479 3800 558 3881; x_wconf 89' lang='grc'><em>343,</em></span> <span class='ocrx_word' id='word_1_326' title='bbox 568 3823 647 3887; x_wconf 90' lang='lat' dir='ltr'><strong>quae</strong></span> <span class='ocrx_word' id='word_1_327' title='bbox 660 3803 699 3865; x_wconf 91' lang='lat' dir='ltr'><strong>ob</strong></span> <span class='ocrx_word' id='word_1_328' title='bbox 711 3802 842 3865; x_wconf 83' lang='lat' dir='ltr'><strong>iniurias</strong></span> <span class='ocrx_word' id='word_1_329' title='bbox 855 3809 997 3885; x_wconf 84' lang='lat' dir='ltr'><strong>acceptas</strong></span> <span class='ocrx_word' id='word_1_330' title='bbox 1008 3801 1202 3886; x_wconf 85' lang='lat' dir='ltr'><strong>Stephanum</strong></span> <span class='ocrx_word' id='word_1_331' title='bbox 1216 3801 1396 3883; x_wconf 74' lang='lat' dir='ltr'><strong>liroeadem,</strong></span> <span class='ocrx_word' id='word_1_332' title='bbox 1406 3825 1495 3886; x_wconf 78' lang='lat' dir='ltr'><strong>quem</strong></span> <span class='ocrx_word' id='word_1_333' title='bbox 1506 3803 1558 3886; x_wconf 72' lang='lat' dir='ltr'><strong>ef,</strong></span> 
     </span>
     <span class='ocr_line' id='line_1_33' title="bbox 299 3902 1561 3991; baseline -0.001 -21"><span class='ocrx_word' id='word_1_334' title='bbox 299 3929 384 3972; x_wconf 91' lang='lat' dir='ltr'><strong>reum</strong></span> <span class='ocrx_word' id='word_1_335' title='bbox 414 3908 478 3989; x_wconf 80' lang='lat' dir='ltr'><strong>agit</strong></span> <span class='ocrx_word' id='word_1_336' title='bbox 504 3902 632 3991; x_wconf 83' lang='lat' dir='ltr'><strong>[Dem]</strong></span> <span class='ocrx_word' id='word_1_337' title='bbox 655 3903 707 3967; x_wconf 89' lang='grc'><em>59.</em></span> <span class='ocrx_word' id='word_1_338' title='bbox 735 3902 865 3988; x_wconf 81' lang='lat' dir='ltr'><strong>Seda‘ser</strong></span> <span class='ocrx_word' id='word_1_339' title='bbox 893 3904 930 3967; x_wconf 88' lang='lat' dir='ltr'><strong>B.</strong></span> <span class='ocrx_word' id='word_1_340' title='bbox 961 3903 1029 3968; x_wconf 92' lang='grc'><em>179.</em></span> <span class='ocrx_word' id='word_1_341' title='bbox 1061 3905 1152 3968; x_wconf 81' lang='lat' dir='ltr'><strong>Blass</strong></span> <span class='ocrx_word' id='word_1_342' title='bbox 1178 3904 1253 3968; x_wconf 86' lang='grc'><em>536.</em></span> <span class='ocrx_word' id='word_1_343' title='bbox 1288 3944 1329 3951; x_wconf 83' lang='grc'>-</span> <span class='ocrx_word' id='word_1_344' title='bbox 1364 3906 1451 3971; x_wconf 87' lang='lat' dir='ltr'><strong>Duae</strong></span> <span class='ocrx_word' id='word_1_345' title='bbox 1478 3907 1561 3970; x_wconf 87' lang='lat' dir='ltr'><strong>tiliae</strong></span> 
     </span>
     <span class='ocr_line' id='line_1_34' title="bbox 298 4006 1561 4095; baseline -0.002 -21"><span class='ocrx_word' id='word_1_346' title='bbox 298 4011 488 4095; x_wconf 86' lang='lat' dir='ltr'><strong>Apollodori,</strong></span> <span class='ocrx_word' id='word_1_347' title='bbox 517 4010 615 4073; x_wconf 79' lang='grc' dir='ltr'>παιδία</span> <span class='ocrx_word' id='word_1_348' title='bbox 639 4012 736 4093; x_wconf 83' lang='grc' dir='ltr'>μικραί,</span> <span class='ocrx_word' id='word_1_349' title='bbox 766 4016 1049 4073; x_wconf 86' lang='lat' dir='ltr'><strong>commemorantur</strong></span> <span class='ocrx_word' id='word_1_350' title='bbox 1072 4033 1100 4071; x_wconf 89' lang='lat' dir='ltr'><strong>a.</strong></span> <span class='ocrx_word' id='word_1_351' title='bbox 1125 4006 1200 4087; x_wconf 84' lang='grc'><em>3611,</em></span> <span class='ocrx_word' id='word_1_352' title='bbox 1228 4008 1357 4093; x_wconf 72' lang='lat' dir='ltr'><strong>[erem]</strong></span> <span class='ocrx_word' id='word_1_353' title='bbox 1375 4010 1401 4072; x_wconf 97' lang='lat' dir='ltr'><em>L</em></span> <span class='ocrx_word' id='word_1_354' title='bbox 1420 4008 1472 4073; x_wconf 84' lang='lat'><strong>61.</strong></span> <span class='ocrx_word' id='word_1_355' title='bbox 1496 4006 1561 4073; x_wconf 82' lang='lat' dir='ltr'><strong>&#39;Ao-</strong></span> 
     </span>
     <span class='ocr_line' id='line_1_35' title="bbox 298 4110 1562 4197; baseline 0.001 -21"><span class='ocrx_word' id='word_1_356' title='bbox 298 4114 410 4177; x_wconf 82' lang='grc' dir='ltr'>έκόοτοι</span> <span class='ocrx_word' id='word_1_357' title='bbox 434 4113 506 4178; x_wconf 86' lang='lat' dir='ltr'><strong>illue</strong></span> <span class='ocrx_word' id='word_1_358' title='bbox 529 4118 620 4177; x_wconf 86' lang='lat' dir='ltr'><strong>erant</strong></span> <span class='ocrx_word' id='word_1_359' title='bbox 642 4136 670 4174; x_wconf 90' lang='lat' dir='ltr'><strong>u.</strong></span> <span class='ocrx_word' id='word_1_360' title='bbox 687 4110 797 4194; x_wconf 87' lang='grc'><em>34918,</em></span> <span class='ocrx_word' id='word_1_361' title='bbox 822 4112 912 4175; x_wconf 84' lang='lat' dir='ltr'><strong>Dera.</strong></span> <span class='ocrx_word' id='word_1_362' title='bbox 936 4110 1036 4174; x_wconf 88' lang='lat' dir='ltr'><strong>XLV</strong></span> <span class='ocrx_word' id='word_1_363' title='bbox 1049 4110 1097 4175; x_wconf 89' lang='grc'><em>74.</em></span> <span class='ocrx_word' id='word_1_364' title='bbox 1114 4111 1166 4175; x_wconf 88' lang='grc'><em>85.</em></span> <span class='ocrx_word' id='word_1_365' title='bbox 1190 4114 1230 4194; x_wconf 83' lang='lat' dir='ltr'><strong>ej.</strong></span> <span class='ocrx_word' id='word_1_366' title='bbox 1245 4110 1297 4175; x_wconf 91' lang='grc'><strong>56.</strong></span> <span class='ocrx_word' id='word_1_367' title='bbox 1322 4113 1432 4175; x_wconf 86' lang='lat' dir='ltr'><strong>Altera</strong></span> <span class='ocrx_word' id='word_1_368' title='bbox 1455 4116 1562 4197; x_wconf 85' lang='lat' dir='ltr'><strong>nupsit</strong></span> 
     </span>
     <span class='ocr_line' id='line_1_36' title="bbox 299 4215 1564 4300; baseline -0.002 -19"><span class='ocrx_word' id='word_1_369' title='bbox 299 4218 454 4283; x_wconf 88' lang='lat' dir='ltr'><strong>avunculo</strong></span> <span class='ocrx_word' id='word_1_370' title='bbox 484 4218 692 4281; x_wconf 87' lang='lat' dir='ltr'><strong>Theomnesto</strong></span> <span class='ocrx_word' id='word_1_371' title='bbox 721 4215 938 4295; x_wconf 86' lang='lat' dir='ltr'><strong>Athmonensi,</strong></span> <span class='ocrx_word' id='word_1_372' title='bbox 968 4237 1055 4298; x_wconf 82' lang='lat' dir='ltr'><strong>quem</strong></span> <span class='ocrx_word' id='word_1_373' title='bbox 1076 4216 1128 4300; x_wconf 73' lang='lat' dir='ltr'><strong>ef,</strong></span> <span class='ocrx_word' id='word_1_374' title='bbox 1156 4216 1210 4299; x_wconf 93' lang='lat' dir='ltr'><strong>qui</strong></span> <span class='ocrx_word' id='word_1_375' title='bbox 1236 4215 1355 4279; x_wconf 88' lang='lat' dir='ltr'><strong>scilicet</strong></span> <span class='ocrx_word' id='word_1_376' title='bbox 1378 4217 1474 4280; x_wconf 87' lang='lat' dir='ltr'><strong>frater</strong></span> <span class='ocrx_word' id='word_1_377' title='bbox 1497 4223 1564 4280; x_wconf 85' lang='lat' dir='ltr'><strong>erat</strong></span> 
     </span>
     <span class='ocr_line' id='line_1_37' title="bbox 299 4316 1563 4405; baseline -0.002 -20"><span class='ocrx_word' id='word_1_378' title='bbox 299 4322 404 4385; x_wconf 84' lang='lat' dir='ltr'><strong>uxoris</strong></span> <span class='ocrx_word' id='word_1_379' title='bbox 422 4320 598 4405; x_wconf 85' lang='lat' dir='ltr'><strong>Apollodori</strong></span> <span class='ocrx_word' id='word_1_380' title='bbox 622 4317 751 4404; x_wconf 76' lang='lat' dir='ltr'><strong>[Dona]</strong></span> <span class='ocrx_word' id='word_1_381' title='bbox 766 4317 850 4382; x_wconf 89' lang='lat' dir='ltr'><strong>LIX</strong></span> <span class='ocrx_word' id='word_1_382' title='bbox 865 4319 898 4398; x_wconf 90' lang='grc'><em>2,</em></span> <span class='ocrx_word' id='word_1_383' title='bbox 922 4320 1007 4400; x_wconf 84' lang='grc' dir='ltr'>ἑτέρα</span> <span class='ocrx_word' id='word_1_384' title='bbox 1030 4318 1183 4385; x_wconf 78' lang='grc' dir='ltr'>ἀνέκδοτος</span> <span class='ocrx_word' id='word_1_385' title='bbox 1206 4316 1327 4399; x_wconf 83' lang='grc' dir='ltr'>ἔμελλεν</span> <span class='ocrx_word' id='word_1_386' title='bbox 1351 4316 1563 4383; x_wconf 64' lang='lat' dir='ltr'><strong>descrimine.</strong></span> 
     </span>
     <span class='ocr_line' id='line_1_38' title="bbox 299 4419 1565 4507; baseline -0.002 -20"><span class='ocrx_word' id='word_1_387' title='bbox 299 4424 329 4487; x_wconf 88' lang='grc'><strong>8.</strong></span> <span class='ocrx_word' id='word_1_388' title='bbox 421 4422 591 4501; x_wconf 81' lang='lat' dir='ltr'><strong>Orationes,</strong></span> <span class='ocrx_word' id='word_1_389' title='bbox 620 4444 700 4507; x_wconf 81' lang='lat' dir='ltr'><strong>qnae</strong></span> <span class='ocrx_word' id='word_1_390' title='bbox 731 4421 940 4485; x_wconf 81' lang='lat' dir='ltr'><strong>Demosthenis</strong></span> <span class='ocrx_word' id='word_1_391' title='bbox 959 4423 1122 4506; x_wconf 69' lang='lat' dir='ltr'><strong>serantur,</strong></span> <span class='ocrx_word' id='word_1_392' title='bbox 1150 4424 1185 4482; x_wconf 87' lang='lat' dir='ltr'><strong>e&#39;n</strong></span> <span class='ocrx_word' id='word_1_393' title='bbox 1210 4419 1390 4505; x_wconf 75' lang='lat' dir='ltr'><strong>Callippum</strong></span> <span class='ocrx_word' id='word_1_394' title='bbox 1415 4422 1501 4505; x_wconf 89' lang='grc'><em>1521,</em></span> <span class='ocrx_word' id='word_1_395' title='bbox 1529 4426 1565 4485; x_wconf 88' lang='lat' dir='ltr'><strong>e&#39;n</strong></span> 
     </span>
     <span class='ocr_line' id='line_1_39' title="bbox 301 4521 1565 4610; baseline -0.004 -20"><span class='ocrx_word' id='word_1_396' title='bbox 301 4526 513 4591; x_wconf 80' lang='lat' dir='ltr'><strong>Nicostratum</strong></span> <span class='ocrx_word' id='word_1_397' title='bbox 531 4524 616 4610; x_wconf 87' lang='grc'><em>1531,</em></span> <span class='ocrx_word' id='word_1_398' title='bbox 639 4528 674 4587; x_wconf 88' lang='lat' dir='ltr'><strong>a&#39;n</strong></span> <span class='ocrx_word' id='word_1_399' title='bbox 694 4523 885 4588; x_wconf 80' lang='lat' dir='ltr'><strong>Timotheum</strong></span> <span class='ocrx_word' id='word_1_400' title='bbox 903 4523 986 4607; x_wconf 84' lang='grc'><em>1491,</em></span> <span class='ocrx_word' id='word_1_401' title='bbox 1001 4525 1036 4584; x_wconf 88' lang='lat' dir='ltr'><strong>a&#39;n</strong></span> <span class='ocrx_word' id='word_1_402' title='bbox 1052 4521 1205 4607; x_wconf 73' lang='lat' dir='ltr'><strong>Polycleteo</strong></span> <span class='ocrx_word' id='word_1_403' title='bbox 1221 4521 1306 4605; x_wconf 85' lang='grc'><em>1561,</em></span> <span class='ocrx_word' id='word_1_404' title='bbox 1321 4525 1357 4585; x_wconf 84' lang='lat' dir='ltr'><strong>a’n</strong></span> <span class='ocrx_word' id='word_1_405' title='bbox 1373 4522 1565 4608; x_wconf 80' lang='lat' dir='ltr'><strong>Stephanum</strong></span> 
     </span>
     <span class='ocr_line' id='line_1_40' title="bbox 301 4625 1564 4714; baseline -0.004 -21"><span class='ocrx_word' id='word_1_406' title='bbox 301 4632 399 4695; x_wconf 87' lang='lat' dir='ltr'><strong>altera</strong></span> <span class='ocrx_word' id='word_1_407' title='bbox 417 4629 500 4714; x_wconf 88' lang='grc'><em>1461,</em></span> <span class='ocrx_word' id='word_1_408' title='bbox 524 4632 559 4692; x_wconf 82' lang='lat' dir='ltr'><strong>in</strong></span> <span class='ocrx_word' id='word_1_409' title='bbox 577 4628 731 4692; x_wconf 83' lang='lat' dir='ltr'><strong>Neaeram</strong></span> <span class='ocrx_word' id='word_1_410' title='bbox 749 4626 820 4710; x_wconf 84' lang='grc'><em>1591</em></span> <span class='ocrx_word' id='word_1_411' title='bbox 838 4650 891 4690; x_wconf 88' lang='lat' dir='ltr'><strong>nec</strong></span> <span class='ocrx_word' id='word_1_412' title='bbox 910 4650 974 4689; x_wconf 91' lang='lat' dir='ltr'><strong>non</strong></span> <span class='ocrx_word' id='word_1_413' title='bbox 989 4629 1024 4688; x_wconf 87' lang='lat' dir='ltr'><strong>e&#39;n</strong></span> <span class='ocrx_word' id='word_1_414' title='bbox 1039 4626 1197 4710; x_wconf 73' lang='lat' dir='ltr'><strong>Enerpnm</strong></span> <span class='ocrx_word' id='word_1_415' title='bbox 1212 4637 1240 4689; x_wconf 85' lang='lat' dir='ltr'><strong>et</strong></span> <span class='ocrx_word' id='word_1_416' title='bbox 1257 4626 1461 4689; x_wconf 82' lang='lat' dir='ltr'><strong>Illnesidnleem</strong></span> <span class='ocrx_word' id='word_1_417' title='bbox 1479 4625 1564 4709; x_wconf 83' lang='grc'><em>1471,</em></span> 
     </span>
     <span class='ocr_line' id='line_1_41' title="bbox 301 4728 1565 4818; baseline -0.004 -21"><span class='ocrx_word' id='word_1_418' title='bbox 301 4756 380 4818; x_wconf 83' lang='lat' dir='ltr'><strong>qnae</strong></span> <span class='ocrx_word' id='word_1_419' title='bbox 409 4746 513 4797; x_wconf 85' lang='lat' dir='ltr'><strong>tamen</strong></span> <span class='ocrx_word' id='word_1_420' title='bbox 543 4754 606 4797; x_wconf 92' lang='lat' dir='ltr'><strong>non</strong></span> <span class='ocrx_word' id='word_1_421' title='bbox 639 4733 681 4795; x_wconf 88' lang='lat' dir='ltr'><strong>ud</strong></span> <span class='ocrx_word' id='word_1_422' title='bbox 707 4754 753 4794; x_wconf 89' lang='lat' dir='ltr'><strong>rea</strong></span> <span class='ocrx_word' id='word_1_423' title='bbox 779 4742 894 4815; x_wconf 84' lang='lat' dir='ltr'><strong>spectat</strong></span> <span class='ocrx_word' id='word_1_424' title='bbox 921 4730 1107 4815; x_wconf 83' lang='lat' dir='ltr'><strong>Apollodori</strong></span> <span class='ocrx_word' id='word_1_425' title='bbox 1113 4782 1120 4812; x_wconf 86' lang='lat'><strong>,</strong></span> <span class='ocrx_word' id='word_1_426' title='bbox 1158 4728 1196 4791; x_wconf 81' lang='lat' dir='ltr'><strong>ab</strong></span> <span class='ocrx_word' id='word_1_427' title='bbox 1228 4731 1333 4792; x_wconf 86' lang='lat' dir='ltr'><strong>eudem</strong></span> <span class='ocrx_word' id='word_1_428' title='bbox 1364 4752 1461 4792; x_wconf 80' lang='lat' dir='ltr'><strong>oroneo</strong></span> <span class='ocrx_word' id='word_1_429' title='bbox 1487 4752 1565 4813; x_wconf 86' lang='lat' dir='ltr'><strong>pro-</strong></span> 
     </span>
     <span class='ocr_line' id='line_1_42' title="bbox 292 4834 1565 4921; baseline -0.005 -21"><span class='ocrx_word' id='word_1_430' title='bbox 292 4839 395 4921; x_wconf 85' lang='lat' dir='ltr'><strong>fectae</strong></span> <span class='ocrx_word' id='word_1_431' title='bbox 428 4849 519 4921; x_wconf 79' lang='lat' dir='ltr'><strong>utque</strong></span> <span class='ocrx_word' id='word_1_432' title='bbox 551 4837 623 4899; x_wconf 87' lang='lat' dir='ltr'><strong>adeo</strong></span> <span class='ocrx_word' id='word_1_433' title='bbox 655 4837 694 4897; x_wconf 88' lang='lat' dir='ltr'><strong>ab</strong></span> <span class='ocrx_word' id='word_1_434' title='bbox 724 4835 910 4919; x_wconf 85' lang='lat' dir='ltr'><strong>Apollodoro</strong></span> <span class='ocrx_word' id='word_1_435' title='bbox 936 4836 1012 4918; x_wconf 80' lang='lat' dir='ltr'><strong>ipso,</strong></span> <span class='ocrx_word' id='word_1_436' title='bbox 1046 4844 1082 4895; x_wconf 86' lang='lat' dir='ltr'><strong>eet</strong></span> <span class='ocrx_word' id='word_1_437' title='bbox 1107 4834 1237 4913; x_wconf 82' lang='lat' dir='ltr'><strong>uidetur,</strong></span> <span class='ocrx_word' id='word_1_438' title='bbox 1271 4836 1454 4918; x_wconf 81' lang='lat' dir='ltr'><strong>eorrtpose&#39;tue</strong></span> <span class='ocrx_word' id='word_1_439' title='bbox 1485 4845 1565 4917; x_wconf 85' lang='lat' dir='ltr'><strong>sant,</strong></span> 
     </span>
     <span class='ocr_line' id='line_1_43' title="bbox 301 4935 1568 5025; baseline -0.006 -21"><span class='ocrx_word' id='word_1_440' title='bbox 301 4940 432 5025; x_wconf 80' lang='lat' dir='ltr'><strong>Seddfer</strong></span> <span class='ocrx_word' id='word_1_441' title='bbox 444 4939 483 5004; x_wconf 89' lang='lat' dir='ltr'><strong>B.</strong></span> <span class='ocrx_word' id='word_1_442' title='bbox 500 4938 606 5023; x_wconf 75' lang='grc' dir='ltr'><em>184υρ.</em></span> <span class='ocrx_word' id='word_1_443' title='bbox 623 4937 691 5002; x_wconf 87' lang='grc'><em>199.</em></span> <span class='ocrx_word' id='word_1_444' title='bbox 709 4938 749 5019; x_wconf 78' lang='lat' dir='ltr'><strong>ef.</strong></span> <span class='ocrx_word' id='word_1_445' title='bbox 770 4938 859 5000; x_wconf 77' lang='lat' dir='ltr'><strong>Illam</strong></span> <span class='ocrx_word' id='word_1_446' title='bbox 874 4937 942 5000; x_wconf 89' lang='grc'><strong>542</strong></span> <span class='ocrx_word' id='word_1_447' title='bbox 954 4960 1006 5020; x_wconf 72' lang='grc' dir='ltr'><strong>ορ,</strong></span> <span class='ocrx_word' id='word_1_448' title='bbox 1023 4958 1094 4998; x_wconf 80' lang='lat' dir='ltr'><strong>eam</strong></span> <span class='ocrx_word' id='word_1_449' title='bbox 1109 4937 1208 4998; x_wconf 86' lang='lat' dir='ltr'><strong>oratio</strong></span> <span class='ocrx_word' id='word_1_450' title='bbox 1219 4938 1312 5020; x_wconf 82' lang='lat' dir='ltr'><strong>prior</strong></span> <span class='ocrx_word' id='word_1_451' title='bbox 1326 4939 1361 4998; x_wconf 84' lang='lat' dir='ltr'><strong>r&#39;n</strong></span> <span class='ocrx_word' id='word_1_452' title='bbox 1376 4935 1568 5019; x_wconf 80' lang='lat' dir='ltr'><strong>Stephanum</strong></span> 
     </span>
     <span class='ocr_line' id='line_1_44' title="bbox 303 5037 1395 5139; baseline -0.005 -32"><span class='ocrx_word' id='word_1_453' title='bbox 303 5044 375 5129; x_wconf 89' lang='grc'><em>1451</em></span> <span class='ocrx_word' id='word_1_454' title='bbox 403 5042 599 5107; x_wconf 78' lang='lat' dir='ltr'><strong>Demostheni</strong></span> <span class='ocrx_word' id='word_1_455' title='bbox 620 5044 683 5126; x_wconf 85' lang='lat' dir='ltr'><strong>o&#39;psi</strong></span> <span class='ocrx_word' id='word_1_456' title='bbox 703 5040 867 5103; x_wconf 81' lang='lat' dir='ltr'><strong>tribuenda</strong></span> <span class='ocrx_word' id='word_1_457' title='bbox 889 5042 947 5139; x_wconf 51' lang='grc' dir='ltr'><strong>ειῖτχ</strong></span> <span class='ocrx_word' id='word_1_458' title='bbox 965 5039 1057 5101; x_wconf 87' lang='lat' dir='ltr'><strong>Bluas</strong></span> <span class='ocrx_word' id='word_1_459' title='bbox 1071 5037 1125 5103; x_wconf 85' lang='grc'><strong>33,</strong></span> <span class='ocrx_word' id='word_1_460' title='bbox 1143 5037 1214 5102; x_wconf 83' lang='grc'><em>476.</em></span> <span class='ocrx_word' id='word_1_461' title='bbox 1239 5037 1395 5102; x_wconf 82' lang='lat' dir='ltr'><strong>Stemma:</strong></span> 
     </span>
    </p>

    <p class='ocr_par' dir='ltr' id='par_1_3' title="bbox 1328 5155 1365 5209">
     <span class='ocr_line' id='line_1_45' title="bbox 1328 5155 1365 5209; baseline 0 -23"><span class='ocrx_word' id='word_1_462' title='bbox 1328 5155 1365 5209; x_wconf 63' lang='lat' dir='ltr'><strong>&#39;p&#39;fl</strong></span> 
     </span>
    </p>
   </div>
   <div class='ocr_carea' id='block_1_2' title="bbox 0 0 1927 5784">
    <p class='ocr_par' dir='ltr' id='par_1_4' title="bbox 0 0 1927 5784">
     <span class='ocr_line' id='line_1_46' title="bbox 0 0 1927 5784; baseline 0 0"><span class='ocrx_word' id='word_1_463' title='bbox 0 0 1927 5784; x_wconf 95' lang='lat' dir='ltr'><strong> </strong></span> 
     </span>
    </p>
   </div>
  </div>
 </body>
</html>
