3784 5784
144 495 301 553 ΑΙΣΧΙΝΗΣ
800 499 841 563 ‘25
1339 493 1505 550 ΑΙΣΧΙΝΗΣ

223 709 327 772 Αωαδ.
355 704 456 771 1178.
488 704 558 772 447.
586 705 623 772 A.
641 706 678 770 Α.
696 705 855 791 Ἀθηναῖος
880 706 993 770 Lo'ban.
1018 709 1149 790 Αιγιιιιιι.
1176 706 1355 771 Ι)ιυιι.Χ1Χ
1375 728 1407 791 ρ.
1427 703 1504 769 333.

221 809 310 876 διιίά.
422 811 524 875 Natus
550 819 598 874 est
620 833 649 874 ιι.
670 808 747 884 395,
776 808 880 872 Aesclt.
899 809 982 873 [19.
1012 807 1141 894 Selrd'fer
1167 809 1205 873 I²
1221 811 1302 874 222.
1332 809 1409 875 Οὔτε
1432 810 1506 873 κατὰ

221 915 302 997 γένος
327 920 385 976 τῶν
413 914 561 998 ἐπιφανῶν
589 913 656 976 οὔτε
683 915 757 977 κατὰ
784 915 950 997 περιουσίαν
979 915 1141 999 χρημάτων
1173 913 1244 976 Vlla
1267 913 1308 976 X.
1333 935 1376 976 or.
1400 913 1505 978 815α.

222 1019 261 1102 cf.
291 1019 364 1100 «τὴν
398 1019 450 1100 μὲν
479 1019 571 1103 τύχην
600 1019 719 1101 ἰδιώτης
749 1018 791 1080 ὢν
819 1019 867 1080 καὶ
894 1023 954 1086 τοῖς
981 1019 1106 1101 μετρίοις
1134 1019 1216 1096 ὑμῶν
1251 1015 1370 1095 ὅμοιος»
1400 1015 1505 1080 Aeaelr.

226 1122 264 1185 II
284 1121 354 1185 484.
378 1118 509 1205 Schrijer
525 1118 657 1197 1²:217,
672 1121 699 1182 1.
729 1119 821 1182 Blcas
836 1119 894 1182 III
903 1119 914 1151 ¹
931 1121 965 1197 2,
985 1121 1046 1183 155
1067 1131 1127 1182 not.
1149 1121 1180 1182 5.
1209 1119 1255 1183 De
1280 1128 1367 1204 patre
1390 1120 1430 1203 ιμ’.
1452 1117 1507 1182 oreb

226 1219 419 1308 Ᾱτρόμητυς
451 1223 507 1308 (I)
540 1228 581 1287 Κ.
614 1223 688 1287 Eius
725 1229 826 1286 mater
858 1222 1051 1287 Glauccthea
1085 1223 1191 1286 Glauci
1232 1224 1251 1285 f.
1286 1222 1506 1302 Acharuensis,

225 1350 320 1412 potam
346 1328 386 1411 cf.
414 1327 488 1390 Eius
521 1348 599 1391 uxor
633 1327 698 1390 filia
725 1326 903 1391 Philodami
931 1325 1141 1406 Ριιοοοίυοοὶυ,
1177 1347 1265 1410 quern
1294 1327 1334 1411 (γ’.
1364 1327 1391 1388 Α
1419 1334 1507 1407 petre

225 1433 388 1496 institutus
414 1427 546 1508 Quintil.
564 1429 665 1507 1117,
685 1430 736 1493 42.
769 1428 826 1493 Vit.
849 1428 882 1491 X
905 1451 949 1492 or.
970 1427 1066 1492 5155.
1095 1427 1225 1513 Seltds'cl·
1251 1427 1391 1491 71235
1417 1429 1506 1493 disci·

225 1534 311 1618 plina
332 1534 478 1618 politiore
501 1534 603 1598 caruit
624 1533 719 1596 Blaes
742 1533 761 1595 l.
782 1557 807 1596 c.
823 1531 894 1595 155.
916 1528 987 1594 157.
1012 1529 1048 1596 Ol
1072 1529 1096 1594 δ’
1123 1531 1204 1594 εἷπον
1226 1533 1301 1616 μηδὲ
1323 1533 1508 1616 μαθητεῦσαί

225 1658 279 1700 τισι
305 1638 354 1700 τδν
382 1636 537 1720 Αἰσχίνην,
566 1635 631 1700 ἀλλ’
659 1637 694 1700 ἐκ
723 1642 776 1718 τῆς
803 1635 1059 1718 ὑπογραμματείας
1085 1635 1213 1718 ἀρθῆναι
1240 1636 1270 1698 ἐν
1294 1642 1353 1704 τοῖς
1376 1638 1508 1720 δικαστη-

226 1741 293 1824 ρίοις
312 1740 377 1803 τότε
393 1742 528 1824 διάγοντα
552 1739 610 1804 Ve't.
628 1737 661 1802 X
676 1761 719 1802 or.
736 1737 928 1823 ιι15ρὶδέος
944 1740 985 1800 ὧν
1001 1739 1050 1800 καὶ
1066 1737 1231 1821 ἐρρωμένος
1246 1743 1288 1823 τῷ
1312 1743 1426 1821 σώματι
1442 1741 1508 1823 περὶ

226 1844 260 1906 τὰ
286 1845 430 1926 γυμνάσια
457 1844 556 1906 ἐπόνει
584 1842 641 1907 Vo't.
670 1841 704 1904 X
730 1864 773 1906 cr.
796 1841 895 1904 elna.
927 1839 1058 1926 Schei's'or
1086 1841 1132 1904 [²
1152 1841 1232 1920 235,
1254 1842 1285 1905 3.
1311 1840 1370 1906 Ἐκ
1396 1842 1507 1906 παίδων

227 1949 402 2029 ἀπαλλαγεὶς
423 1948 579 2030 περίπολος
600 1952 652 2028 τῆς
675 1948 776 2030 χώρας
797 1944 912 2028 ἐγένετο
935 1942 980 2008 δύ’
1007 1941 1068 2029 ἔτη.
1093 1943 1217 2029 Πρώτην
1234 1944 1260 2010 δ’
1282 1945 1408 2014 ἐξελθὼν
1425 1968 1508 2031 στρα·

226 2051 301 2113 τείαν
329 2051 382 2134 τὴν
410 2049 440 2112 ἐν
463 2055 523 2118 τοῖς
550 2049 651 2132 μέρεσι
677 2051 858 2130 καλουμένην
888 2049 935 2110 καὶ
963 2048 1226 2132 συμπαραπέμπων
1260 2048 1333 2132 μετὰ
1361 2055 1419 2112 τῶν
1446 2051 1509 2133 ηλι-

227 2160 338 2217 κιωτῶν
354 2154 403 2216 καὶ
419 2158 477 2215 τῶν
490 2151 682 2238 Ἀλκιβιάδου
699 2151 786 2220 ξένων
801 2153 855 2234 τὴν
872 2151 912 2219 εἰς
929 2151 1076 2214 Φλιοῦντα
1092 2155 1291 2238 παραπομπήν
1316 2177 1344 2216 α.
1358 2150 1423 2215 355
1436 2205 1442 2216 .
1457 2203 1464 2216 .
1479 2202 1506 2216 ..

227 2258 318 2326 ούτως
341 2257 515 2341 ἠγωνίσατο,
539 2257 616 2319 ὥστε
639 2257 695 2318 ύπδ
718 2259 776 2317 τῶν
800 2256 952 2338 ἡγεμόνων
975 2254 1167 2320 ἐπαινεῖσθαι.
1195 2258 1243 2320 καὶ
1270 2257 1321 2324 τὰς
1344 2255 1434 2325 άλλας
1457 2255 1508 2324 τὰς

225 2360 259 2424 ἐκ
281 2362 424 2445 διαδοχῆς
445 2359 561 2428 ἐξόδους
588 2359 639 2426 τὰς
661 2359 692 2421 ἐν
721 2362 782 2426 τοῖς
810 2358 975 2437 ἐπωνύμοις
1001 2359 1049 2421 καὶ
1077 2363 1137 2428 τοῖς
1162 2360 1276 2442 μέρεσιν
1300 2361 1433 2444 ἐξῆλθεν,
1460 2363 1509 2424 καὶ

226 2464 278 2547 τὴν
300 2464 331 2526 ἐν
356 2462 517 2546 Μαντινείᾳ
540 2465 639 2548 μάχην
663 2486 693 2526 α.
708 2463 777 2525 352
803 2461 1027 2546 συνεμαχέσατο
1058 2464 1105 2526 καὶ
1134 2463 1185 2532 τὰς
1213 2465 1254 2532 εἰς
1278 2461 1402 2548 Εὔβοιαν
1426 2485 1508 2546 στρα-

227 2567 302 2636 τείας
325 2566 537 2649 ἐστρατεύσατο
560 2591 589 2630 α.
606 2564 681 2647 357,
709 2567 757 2628 καὶ
780 2567 833 2649 τὴν
861 2566 892 2628 ἐν
916 2563 1064 2649 Ταμύναις
1088 2569 1187 2651 μάχην
1211 2569 1240 2629 ἐν
1261 2573 1321 2636 τοῖς
1348 2567 1508 2636 ἐπιλέκτοις

226 2671 318 2738 ούτως
333 2670 532 2740 ἐκινδύνευσεν
555 2672 632 2732 ὥστε
653 2671 740 2733 κάκεῖ
760 2669 985 2753 στεφανωθῆναι
1008 2693 1037 2732 α.
1059 2669 1137 2750 313,
1162 2671 1266 2734 Aescli.
1295 2670 1334 2733 II
1357 2669 1507 2736 157-159.

227 2775 356 2857 διδᾱρδι·
380 2773 398 2835 I
408 2773 419 2806 ²
439 2771 516 2836 237.
541 2773 711 2847 Quaestum
736 2773 811 2836 facit
833 2775 965 2855 iungens
991 2795 1122 2837 munere
1144 2773 1397 2857 ὑπογραμματέως
1420 2773 1507 2839 Ilum.

228 2875 311 2939 XIX
328 2876 404 2940 219.
418 2876 492 2939 255.
507 2873 583 2940 237.
600 2876 719 2940 Deinde
736 2875 825 2939 Deru.
841 2875 968 2939 XVIII
982 2875 1056 2939 251.
1075 2875 1220 2960 (dulcifer
1239 2877 1258 2939 I
1267 2874 1277 2908 ²
1297 2877 1380 2959 251)
1399 2878 1507 2942 histrio

228 2983 326 3045 iactus
339 2979 626 3064 apudThecdorum
639 2987 670 3043 et
681 2980 914 3044 Aristodemum
928 2981 1158 3058 tragoediarum
1172 2987 1291 3046 actores
1305 2991 1407 3067 partes
1421 2983 1508 3046 trite·

227 3085 365 3166 genistae
392 3084 456 3166 egit
482 3083 569 3146 Deru.
593 3081 681 3146 XIX
695 3085 771 3146 251).
787 3083 863 3147 215.
891 3083 1019 3147 XVIII
1039 3083 1108 3147 129.
1127 3085 1201 3148 255.
1231 3085 1375 3151 Deseruit
1403 3092 1507 3150 autem

229 3188 397 3267 theatrum,
426 3209 498 3252 cum
527 3187 696 3269 aliquando
720 3188 752 3250 in
778 3188 898 3251 theatro
923 3187 1091 3272 Collytensi
1116 3187 1265 3252 Oenomai
1290 3197 1392 3274 partes
1415 3210 1508 3272 agens

228 3293 337 3356 misere
353 3292 515 3355 cecidisset
531 3290 621 3353 Deru.
639 3288 672 3353 X
682 3289 765 3354 VIII
780 3291 847 3354 leo.
872 3291 1075 3354 Ilencoelures
1095 3291 1181 3374 αριιιδ
1195 3283 1506 3376 Ιίαιγι.”1σχανδρος.

228 3393 325 3459 δαδυί.
347 3394 437 3458 Dent.
456 3393 496 3457 19
513 3416 548 3477 p.
566 3394 641 3467 424,
654 3396 711 3456 22.
736 3395 899 3477 Apollonii
921 3395 991 3458 l'a'ta
1009 3395 1114 3457 [lescle.
1134 3417 1167 3478 p.
1190 3397 1237 3458 13.
1256 3398 1416 3482 Anonymi
1436 3395 1508 3460 Vita

223 3521 257 3581 p,
279 3499 325 3561 11.
343 3497 473 3582 Schci'ser
493 3496 532 3559 1²
548 3497 624 3575 213,
648 3497 710 3560 iam
727 3497 859 3561 antehac
879 3497 998 3561 scilicet
1015 3521 1033 3562 a
1048 3499 1274 3582 spectatoribus
1289 3500 1371 3562 male
1384 3500 1508 3563 habitus
1565 3483 1573 3492 ’

229 3601 316 3666 Deru.
335 3599 421 3664 XIX
435 3599 510 3664 337.
528 3599 658 3684 Schri'sin·
675 3598 716 3662 1²
730 3599 806 3680 219,
818 3600 849 3664 5.
867 3599 960 3663 Blcee
977 3600 1031 3663 III
1041 3600 1051 3633 ²
1063 3604 1096 3680 2,
1115 3602 1173 3663 155
1191 3613 1253 3664 not.
1271 3603 1300 3664 5.
1323 3603 1367 3666 Re
1382 3602 1509 3686 publice

229 3704 327 3768 denuo
360 3705 514 3788 capessite
548 3703 779 3786 Aristophontis
814 3704 1011 3781 Azeniensis,
1048 3705 1159 3768 deinde
1194 3704 1311 3769 Eubuli
1344 3706 1508 3770 Probalisii

229 3816 329 3891 partes
352 3807 493 3890 sequitur
516 3806 604 3869 Deru.
628 3805 714 3868 XIX
729 3805 804 3869 291.
828 3806 959 3890 δοδιῖρὶυ·
979 3806 999 3869 I
1017 3805 1028 3838 ²
1049 3809 1116 3887 155,
1134 3809 1165 3870 2.
1192 3808 1278 3871 Ιδνιι.
1296 3809 1328 3871 X
1339 3807 1423 3871 VIII
1437 3809 1507 3871 152.

229 3913 388 3996 Anonymi
416 3909 488 3973 Vita
509 3933 544 3993 p.
573 3910 621 3972 15.
647 3909 734 3972 I’Irot.
758 3908 841 3971 Ilibl.
867 3910 910 3972 51
930 3933 963 3994 p.
988 3913 1065 3972 :roa
1087 3912 1132 3973 15.
1156 3910 1287 3995 διδιῖρδι·
1307 3912 1330 3975 I
1337 3909 1347 3939 ⁹
1373 3911 1449 3990 253,
1475 3915 1507 3976 2.

230 4011 298 4076 197.
330 4013 353 4077 Γ
355 4012 522 4096 ραμματεδς
553 4011 769 4096 χειροτονηθείς
800 4011 889 4075 Dent.
916 4011 1000 4074 XIX
1024 4011 1099 4076 219,
1116 4013 1191 4076 311.
1209 4013 1261 4076 95.
1296 4013 1421 4077 XVIII
1436 4012 1507 4078 427.

229 4116 320 4180 Bloea
338 4116 415 4179 III’
434 4119 467 4194 2,
486 4116 627 4178 roboot.
653 4116 678 4178 4.
708 4113 956 4197 Ἀναγιγνοίσκων
990 4119 1185 4200 ψηφισμάτων
1221 4119 1294 4195 δμοῦ
1329 4119 1377 4180 καὶ
1411 4118 1508 4199 νύμων

230 4217 365 4304 ἔμπειρος
379 4218 533 4303 γενόμενος
548 4219 671 4282 ἐπέδετο
692 4223 734 4303 τῷ
748 4219 856 4302 βήματι
873 4221 1029 4304 Anonymi
1049 4219 1118 4283 Vita
1129 4243 1164 4302 p.
1181 4221 1229 4283 15.
1245 4221 1319 4285 Post
1335 4221 1509 4304 Olynthum

229 4334 350 4409 captam
374 4323 495 4388 Eubulo
519 4330 645 4387 auctore
661 4343 732 4386 cum
750 4321 820 4386 aliis
837 4322 957 4404 legatus
974 4323 1012 4386 ed
1029 4323 1166 4387 Arcades
1182 4324 1318 4388 mittitur
1333 4324 1371 4388 de
1387 4323 1509 4389 foedere

229 4427 376 4492 adversus
398 4427 578 4511 Philippum
608 4447 711 4509 regem
738 4425 878 4489 iaciendo
906 4437 1057 4489 αυιυυιυο
1079 4449 1107 4488 c.
1124 4427 1200 4507 ale,
1224 4426 1314 4490 Deru.
1331 4427 1419 4491 XIX
1434 4427 1508 4490 351.

229 4529 300 4595 355.
316 4533 356 4616 cf.
375 4530 464 4593 Dent.
482 4529 568 4594 XIX
584 4530 621 4594 15
632 4553 676 4614 sp.
695 4529 799 4591 Aescu.
818 4529 857 4591 II
871 4527 919 4592 79.
937 4529 1067 4614 διδύμοι·
1086 4529 1142 4592 1Ιῖ
1156 4531 1226 4593 loe.
1240 4529 1310 4594 175.
1334 4531 1510 4595 Philocrate

229 4635 389 4718 Hagnusio
420 4634 571 4697 suadente
601 4655 671 4697 cum
699 4631 908 4696 Demosthene
936 4633 1069 4717 aliisque
1097 4632 1135 4695 ad
1160 4632 1340 4717 Philippum
1369 4633 1407 4697 de
1434 4656 1509 4718 pace

229 4736 442 4822 componenda
467 4736 588 4818 legatus
615 4737 771 4820 profectus
799 4733 889 4797 Dem.
911 4733 998 4799 XIX
1020 4736 1063 4798 12
1081 4758 1125 4819 sp.
1155 4735 1260 4798 Aes-ch.
1284 4736 1324 4798 II
1342 4737 1388 4799 le.
1407 4737 1452 4798 25
1464 4759 1507 4820 sp.

228 4837 280 4904 38.
292 4839 388 4923 17οη.
414 4839 497 4902 I’lot.
517 4839 605 4902 Dent.
631 4837 678 4916 15,
701 4847 736 4902 ut
752 4859 812 4922 pax
830 4838 1074 4902 Atheniensibus
1091 4839 1271 4922 turpissima
1286 4839 1384 4920 lieret,
1408 4840 1509 4903 ellecit

228 4945 333 5007 Aeach.
362 4943 381 5006 I
404 4941 470 5005 171.
496 4941 534 5005 II
555 4940 605 5005 79.
640 4943 731 5005 Dent.
753 4939 880 5004 XVIII
894 4943 949 5005 21.
985 4940 1072 5003 XIX
1096 4942 1165 5004 155.
1200 4943 1239 5026 ιμ’.
1266 4941 1370 5004 Aesch.
1399 4941 1506 5005 1155.

228 5045 357 5116 δοδδίδι·
387 5043 451 5110 11²
480 5043 541 5107 195
562 5068 604 5130 sq.
633 5065 740 5109 mense
772 5044 1017 5129 Elaphebolione
1050 5067 1079 5106 c.
1107 5043 1181 5124 315,
1217 5044 1306 5108 Dour.
1340 5043 1425 5108 XIX
1454 5042 1507 5109 57.
